2280 3926
15 212 34 263 ⁵'
159 226 220 289 102
362 240 457 282 amus
473 240 516 283 11.
532 239 600 284 oar.
616 227 642 282 Β.
658 227 685 283 9.
702 219 742 303 [e.
756 244 787 284 u.
804 244 830 283 o.
845 218 908 304 4³4]

158 386 352 458 Samnitibus,
369 386 465 467 qualia
481 389 558 469 apud
573 387 715 451 Caudium
728 389 863 458 fuissent,
879 389 1091 456 restituerentur,

14 510 18 511 ν
117 480 149 533 la
160 489 259 552 neque
269 489 301 533 se
313 491 368 551 pro
384 488 437 544 eo,
454 473 533 554 qnod
546 472 720 553 spondendo
734 491 838 554 paoem
852 481 1012 536 servassent
1024 489 1092 533 exer·

14 554 20 581 ²
158 556 249 616 situm
263 555 367 636 populi
379 556 519 627 Romam,
534 574 661 637 poenam
678 555 769 619 ullam
785 559 907 619 meritos
918 573 994 626 esse,
1014 572 1092 634 neque

157 640 195 701 ad
209 647 390 712 extremum,
414 659 481 702 eum
496 642 675 701 sacrosancti
690 648 802 711 essent,
824 639 894 702 dedi
907 637 1032 702 hostibus
1045 639 1092 699 rio

129 721 246 785 liarive
258 732 384 804 posse),
398 724 447 786 IX.
479 724 555 785 Tum
569 724 751 787 Postumius:
780 723 905 796 „dedite
921 720 1092 804 interea[de·
1128 786 1130 793 ,

158 806 233 889 dite]
241 816 259 842 ‘¹
273 810 370 890 iuquit
382 855 402 880 ,‚
410 806 551 889 profanos
562 826 630 879 uos,
647 807 809 888 quossaiva
819 807 963 887 religione
975 808 1092 887 potestis:
1128 818 1130 853 i

131 892 273 955 adedetis
290 893 398 955 deiude
413 899 444 953 et
462 892 535 954 istos
554 900 772 965 merosauetos,
794 910 862 955 eum
880 893 1007 973 primum
1019 888 1092 967 megi·
1128 876 1130 961 i

156 983 251 1038 stratu
265 976 407 1046 abierint,
423 975 491 1045 sed,
510 976 536 1037 si
549 993 599 1037 me
618 975 755 1047 audiatis,
773 977 945 1057 priusquam
961 973 1091 1040 dedantur.

157 1059 206 1120 hie
219 1061 251 1120 in
265 1062 384 1121 comitio
398 1061 488 1137 uirgis
503 1077 619 1131 caesos,
636 1059 713 1121 hane
727 1061 786 1121 iarn
798 1069 833 1122 ut
845 1057 1031 1122 intercalatae
1039 1073 1092 1137 poe·

127 1151 211 1202 snae
229 1161 348 1203 usuram
364 1142 501 1205 habeant.
533 1160 601 1205 nam
619 1143 698 1225 quod
719 1143 871 1205 deditione
890 1153 990 1204 nostra
1005 1146 1093 1220 negant

49 1237 73 1285 e
157 1224 266 1286 exsolvi
288 1224 432 1304 religione
447 1225 603 1306 populum,
625 1228 655 1288 id
676 1228 750 1289 istos
770 1229 880 1306 magis,
902 1245 941 1288 ne
962 1224 1091 1291 dedantur,

155 1326 244 1389 quam
259 1310 382 1389 quisita
396 1329 429 1371 se
444 1329 493 1372 res
507 1309 628 1382 haheat,
645 1310 760 1383 dicere,
775 1313 842 1391 quis
857 1310 931 1372 adeo
943 1310 1014 1371 iuris
1027 1307 1091 1368 tetia-

126 1391 227 1455 aduam
238 1412 344 1473 expers
356 1402 414 1465 est,
433 1396 631 1474 quiignoreti
659 1395 1091 1479 ueggueeniafitipsppffl

19 1542 28 1549 ,⁷
80 1473 142 1552 Ἰκ
156 1479 273 1539 consoni
293 1479 330 1550 ti,
345 1486 406 1540 tam
456 1480 594 1540 onsinnes
631 1497 698 1541 uam
711 1478 759 1541 ioe
901 1487 977 1539 otae
1032 1469 1091 1552 apud

11 1572 32 1629 ἢ
155 1578 208 1623 eos
222 1561 292 1624 hom
326 1580 373 1634 es,
397 1561 474 1642 apud
491 1580 565 1641 quos
578 1571 658 1626 iuxta
675 1562 787 1624 divinas
801 1561 961 1642 religiones
975 1559 1040 1622 tides
1051 1556 1090 1617 hu·

156 1663 243 1707 mana
265 1645 387 1716 colitur:
412 1646 465 1708 sed
486 1647 599 1707 iniussu
617 1644 720 1728 populi
738 1664 816 1726 nego
830 1648 986 1726 quiequam
1006 1637 1091 1704 sancii

128 1734 259 1809 oposse,
275 1730 354 1809 quod
365 1729 507 1810 populum
524 1737 632 1791 teneat.
660 1747 712 1801 sn,
731 1730 757 1790 si
771 1729 874 1790 eadem
891 1727 1036 1809 superbia,
1049 1736 1091 1802 qui

156 1815 346 1892 sponsionem
357 1815 444 1876 istam
455 1820 667 1894 expresserunt
677 1812 762 1874 uobts
773 1812 937 1885 Samnites,
952 1810 1091 1890 coegissent

154 1896 311 1958 nosverba
331 1896 462 1976 legitima
477 1897 646 1959 dedentium
665 1897 756 1958 nrbes
776 1913 964 1977 uuuoupare,
985 1892 1090 1955 deditum

13 2000 15 2003 ’
127 1979 296 2126 ,statim
309 1981 556 2126 datumst
571 1974 1090 2126 iib⁰ii's2¹iiiii⁰i}¹ii⁰iiidt

10 2150 15 2155 “’
155 2083 348 2219 dedildiodem,
369 2083 517 2227 quodiaml
523 2111 563 2208 ds
574 2083 733 2227 spffione
748 2150 859 2226 agitur:
890 2084 1090 2228 quindennem?

153 2233 179 2293 si
191 2231 451 2313 spopondissemus
461 2230 566 2292 urbem
580 2231 658 2293 haue
669 2231 840 2293 relicturum
855 2230 997 2311 populum
1006 2228 1089 2289 nona·

23 2376 26 2379 ,
153 2333 290 2386 manum,
306 2316 332 2375 si
345 2317 551 2385 incensurum,
564 2315 590 2375 si
606 2316 809 2394 magistratus,
825 2316 851 2376 si
865 2323 1011 2383 senatum,
1028 2303 1089 2369 sile·

154 2415 207 2477 ges
222 2416 283 2459 unu
297 2396 486 2467 habituram,
508 2399 533 2459 si
555 2397 609 2459 sub
625 2397 744 2478 regibus
764 2398 908 2461 futurum.
938 2397 968 2459 di
983 2392 1088 2458 meliors

153 2481 261 2562 inquis.
297 2483 378 2562 atqui
398 2498 460 2544 non
481 2475 641 2560 indignitas
662 2499 764 2543 rerum
781 2484 950 2563 sponsionis
969 2473 1088 2542 medan

125 2567 238 2630 alevat.
275 2565 386 2647 siquid
402 2575 460 2640 est,
477 2567 510 2627 in
525 2584 582 2647 quo
599 2566 723 2645 obligari
737 2564 865 2648 populus
879 2568 987 2647 possit,
1004 2565 1088 2623 inon-

153 2654 203 2714 uia
222 2659 330 2730 potest.
369 2658 458 2713 etue
479 2650 552 2714 iliud
573 2651 707 2731 quidem,
727 2649 805 2730 quod
827 2651 970 2731 quosdam
990 2642 1088 2735 inmitti

153 2742 287 2805 moueat,
305 2734 412 2804 refert,
429 2734 535 2796 consui
545 2753 583 2795 au
594 2735 719 2797 dictator
730 2752 767 2796 au
781 2741 902 2815 praetor
912 2726 1087 2816 spopondtflf·

10 2818 25 2889 j
128 2824 187 2878 eet
206 2816 265 2878 hoe
282 2818 341 2897 ipsi
355 2819 442 2879 etiam
458 2819 604 2880 Samnites
619 2818 837 2896 iudicaverunt,
858 2819 965 2899 quibus
979 2831 1034 2878 nen
1049 2805 1088 2869 faut

15 2950 18 2955 <
154 2899 226 2963 satis
245 2898 382 2962 consules
401 2901 562 2980 spondere,
585 2903 637 2963 sed
660 2901 772 2983 legatos
787 2909 959 2984 quaestores
980 2896 1087 2962 numu

124 2981 280 3047 smuttum
301 2983 449 3062 spondere
469 2993 639 3064 coegerunt.
677 3004 734 3048 nee
756 3004 772 3047 a
792 3004 841 3048 ms
860 3005 941 3049 nune
960 2984 1087 3066 (pulsauiti

153 3068 347 3152 quaesiverit,
371 3068 442 3148 quid
460 3070 501 3131 ita
521 3069 746 3150 spoponderim,
768 3070 888 3133 numid
910 3087 965 3131 neo
985 3052 1087 3128 eorasulis

154 3155 201 3215 ius
220 3159 313 3224 esset,
335 3170 391 3215 nee
410 3151 469 3215 illis
487 3154 634 3234 spondere
654 3172 773 3233 pacem,
796 3172 872 3237 quae
892 3155 952 3217 mei
970 3166 1027 3214 non
1042 3139 1088 3204 erat

15 3314 17 3319 s
153 3234 282 3307 arbitrii,
306 3253 362 3299 nee
382 3256 437 3317 pro
452 3237 550 3309 vobis,
570 3239 622 3318 qui
639 3237 712 3299 nihil
731 3239 960 3309 mandaveratis,
984 3238 1087 3316 possen·

113 3322 146 3375 10
156 3316 230 3377 nihil
244 3318 282 3379 ad
292 3319 451 3392 Gaudium,
469 3329 570 3402 patres
580 3323 752 3402 conscripti,
769 3323 906 3385 humanis
919 3315 1041 3382 consiliis
1051 3319 1088 3400 ii*

154 3404 231 3457 stum
247 3407 306 3461 est:
330 3402 371 3464 dii
383 3404 557 3467 inmortales
574 3413 604 3466 et
620 3407 724 3467 restris
740 3413 769 3466 et
784 3405 914 3469 hostium
926 3403 1088 3483 imperaren-

30 3485 73 3603 {f
112 3478 210 3540 ithus
223 3489 354 3545 mentem
373 3486 556 3548 ademerunt
591 3506 718 3552 neruos
737 3488 867 3552 inbelle
890 3490 960 3552 satis
973 3482 1087 3547 carmus

32 3634 57 3659 ,υ

30 3660 77 3721 id?-
