2290 3920
146 223 207 284 252
329 236 498 277 nmnnxxr.
512 235 580 278 nar.
597 224 639 274 56.
654 224 698 276 57.
714 213 753 296 [a.
768 238 799 276 u.
816 237 840 277 c.
857 209 916 296 bib]

94 372 98 378 ’
120 383 258 443 onumen
272 383 355 452 iecit,
369 384 604 462 transgressique
618 384 650 443 in
661 390 756 444 castra
771 387 969 461 pervenerunt.
997 379 1076 439 imber

147 467 214 526 nive
229 467 338 528 mixtus
353 474 384 527 et
401 464 586 527 intoleranda
599 466 642 525 vis
662 465 781 545 trigoris
796 472 825 526 et
843 464 972 525 homines
986 462 1079 523 multos

120 556 177 608 tet
195 550 327 610 lumenta
347 557 377 610 et
397 548 568 629 elephantos
588 566 682 628 prope
702 551 797 610 omnis
818 547 982 627 absumpsit„
1025 546 1078 606 tinio

83 668 86 677 ·
146 633 318 712 insequendi
341 632 435 694 hostis
456 633 563 694 Poenis
581 633 692 693 tlnmen
712 633 821 694 Trebia
840 630 908 701 luit,
930 638 958 691 et
977 632 1013 690 ita
1029 636 1077 689 tor·
1124 638 1125 647 ’

146 722 251 794 pentes
270 715 339 795 gelu
358 717 389 776 in
411 725 505 777 castra
526 716 658 785 rediere,
683 718 783 776 utrix
806 714 944 777 laetitiam
962 713 1079 772 victoriae

119 800 300 861 ssentirent.
325 798 979 879 itaquenocteinsequenti,cumpraesidium
988 804 1078 856 castro·

146 900 214 943 rum
229 891 259 943 et
279 882 357 963 quod
371 882 494 944 relicum
507 886 677 944 senmurum
691 900 728 943 ex
747 898 852 960 magna
873 889 956 961 parte
976 879 1079 940 nubem

119 973 210 1027 uerat
223 965 336 1027 ratibus
346 966 484 1027 Trebiam
506 968 679 1037 traicerent,
704 974 754 1035 aut
769 964 842 1026 nihil
856 982 975 1026 sensere
988 962 1079 1024 obstre

148 1036 1080 1211 restruendocontenebremini

79 1202 100 1273 ἑ
146 1214 253 1274 Poenis
268 1216 357 1276 tacito
368 1214 682 1295 agmineabScipione
694 1214 814 1279 consule
825 1217 972 1276 exereitus
982 1213 1078 1276 Placen

81 1270 99 1411 j
147 1299 218 1357 tiam
239 1305 284 1359 est
302 1297 477 1378 perductus,
503 1299 573 1359 inde
594 1299 674 1361 Pado
693 1301 835 1360 traiectus
854 1299 1081 1368 Cremonamue

104 1416 114 1431 2
147 1380 272 1442 duorum
289 1383 470 1443 exercituum
479 1380 621 1443 bibernis
634 1401 692 1444 una
708 1383 823 1443 colonia
838 1389 1030 1461 premeretur.

120 1472 134 1522 1
210 1465 294 1527 thl.
340 1466 464 1527 Romam
489 1473 589 1527 tantus
613 1475 712 1528 terror
731 1485 767 1527 ex
792 1466 854 1527 hac
873 1465 956 1527 clade
968 1463 1080 1546 perlato

148 1555 207 1619 est,
229 1556 263 1610 ut
282 1549 341 1611 iam
356 1549 393 1610 ad
409 1550 514 1611 urbem
526 1550 689 1611 Romanam
704 1549 863 1611 eraderent
880 1549 994 1610 infestis
1012 1546 1082 1624 sigolt

147 1630 263 1693 hostem
275 1640 447 1703 venturum,
463 1651 518 1693 nee
533 1634 687 1712 quiequam
701 1635 764 1711 spei
776 1640 826 1694 aut
835 1632 936 1694 auxilii
953 1650 1026 1701 esse,
1039 1645 1081 1707 quo

120 1723 164 1774 ea
180 1718 274 1794 portis
290 1714 504 1797 moenibusque
516 1717 575 1777 vim
590 1723 740 1777 arcerent:
761 1735 821 1776 uno
837 1715 961 1778 consule
977 1715 1012 1776 ad
1024 1712 1081 1774 liei·

148 1816 218 1858 num
234 1800 324 1867 vieto,
341 1798 466 1860 alterum
481 1817 518 1860 ex
532 1798 629 1871 Sicilia
644 1805 828 1868 revocatum3
850 1799 966 1860 dnobus
980 1793 1080 1858 consuli·

147 1879 217 1951 bus,
234 1879 349 1941 duobus
360 1882 563 1944 consularibus
575 1881 752 1943 exercitibus
765 1883 864 1953 vietis,
881 1901 957 1962 quos
971 1878 1058 1943 aliosd
1072 1905 1080 1920 ·

121 1970 212 2034 aces,
233 1981 306 2042 quas
320 1962 392 2024 alias
411 1964 543 2043 legiones
558 1983 636 2035 esse,
657 1983 732 2045 quae
746 1967 953 2028 arcessanturi
981 1966 1020 2027 lta
1036 1970 1081 2021 ter·

146 2047 211 2107 ritis
232 2047 425 2126 Sempronius
449 2048 552 2109 consul
578 2048 703 2110 advenit
754 2050 869 2127 ingenti
896 2046 1023 2130 periculo
1043 2057 1082 2124 ptr

147 2130 256 2192 eiiusos
275 2132 384 2210 passim
405 2131 441 2192 ad
467 2131 669 2211 praedandum
695 2131 825 2195 hostium
846 2135 963 2212 equites
987 2126 1082 2192 andacia

146 2215 240 2294 magis
256 2233 344 2295 mam
358 2214 481 2278 oonsilio
493 2221 543 2278 aut
555 2233 608 2294 spe
625 2213 747 2277 fallendi
766 2216 977 2286 resistendive,
997 2215 1020 2273 si
1038 2223 1081 2271 non

121 2297 274 2370 tlalleret,
290 2305 507 2377 transgressus,
520 2297 566 2369 id,
583 2298 661 2378 quod
670 2317 763 2360 unum
774 2300 906 2364 maxime
920 2302 952 2360 in
967 2309 1081 2378 praesen·

146 2382 186 2441 tia
216 2381 454 2453 desiderabatur,
487 2384 613 2447 comitiis
638 2381 844 2445 consularibus
866 2382 976 2446 habitis
1002 2375 1079 2440 inbi-

147 2463 239 2525 berna
255 2464 351 2525 rediit.
381 2467 474 2527 creati
485 2464 620 2527 consules
630 2466 683 2528 Cn.
696 2465 837 2527 Servilius
848 2473 879 2527 et
889 2467 922 2530 G.
934 2462 1080 2532 Flaminino
1127 2524 1129 2545 ,

118 2553 135 2603 5
209 2548 346 2610 Ceterum
367 2567 406 2609 ne
429 2549 554 2611 hiberna
574 2550 694 2629 quidem
716 2549 857 2611 Romanis
884 2552 983 2630 quieta
1008 2547 1079 2638 erant

146 2631 320 2710 vagantibus
341 2634 451 2711 passim
471 2633 605 2695 Numidis
625 2632 773 2713 equitibus
794 2641 837 2704 et,
862 2644 896 2694 nt
916 2625 1080 2714 quaequod
1128 2694 1129 2697 ,

145 2714 332 2794 impeditiora
353 2724 451 2787 erant,
472 2715 626 2778 Celtiberis
641 2717 855 2797 Lusitanisque.
897 2735 998 2778 omnes
1012 2712 1079 2790 iginu
1128 2744 1129 2795 3

145 2797 276 2876 undique
301 2797 393 2859 clausi
415 2808 595 2861 commeatus
616 2807 714 2868 erant,
746 2801 803 2861 nisi
821 2819 896 2881 quos
915 2800 994 2862 Pado
1013 2806 1079 2857 naut
1128 2798 1129 2811 *

117 2878 352 2961 osuhveherent
389 2882 553 2960 emporium
574 2901 668 2962 prope
688 2883 868 2946 Placentiam
890 2883 946 2945 luit
967 2890 995 2944 et
1011 2887 1079 2965 opert

145 2979 252 3042 magno
266 2963 412 3024 munitum
424 2970 454 3024 et
463 2962 559 3025 valido
573 2965 722 3027 muratum
737 2967 894 3046 praesidio.
921 2951 1078 3027 eiuscastcll

146 3046 333 3127 expugnandi
352 3064 404 3126 spe
420 3064 487 3108 cnm
503 3047 649 3128 equitibus
669 3067 704 3109 ae
723 3049 780 3111 levi
793 3058 941 3112 armatura
953 3046 1079 3129 protenus

144 3129 307 3201 Hannibal,
330 3149 397 3192 cum
418 3130 578 3209 plurimum
594 3133 625 3192 in
643 3132 765 3215 celando
785 3135 901 3214 incepto
916 3133 953 3195 ad
968 3130 1078 3192 enectum

120 3217 209 3291 rspei
228 3213 394 3287 habuisset,
415 3223 503 3276 nocte
521 3215 642 3278 adortus
664 3233 725 3276 non
742 3216 847 3279 fefellit
867 3215 976 3297 vigiles.
1002 3212 1078 3271 notu

145 3305 268 3372 repente
282 3298 394 3359 clamor
411 3306 455 3359 est
471 3297 615 3371 sublatus,
631 3306 664 3361 ut
674 3298 841 3363 Placentiae
856 3315 971 3381 quoque
984 3291 1078 3380 audirt‘

146 3382 204 3434 tur.
233 3377 332 3456 itaque
353 3380 407 3442 sub
429 3379 526 3443 lucem
544 3401 612 3443 enm
627 3383 758 3462 eqtritatu
773 3383 877 3448 consul
897 3383 995 3445 aderat
1010 3378 1078 3434 iussn

118 3456 288 3535 oquadrato
302 3464 419 3538 agmine
429 3463 595 3543 legionibus
609 3466 702 3547 aeqtti.
732 3475 868 3546 equestre
883 3464 997 3528 interint
1007 3465 1077 3538 pror
