2290 3920
255 231 350 273 nrsnn
363 231 427 273 xx1.
441 231 509 272 cur.
526 217 569 272 62.
585 217 636 272 63..
647 210 686 291 [a.
700 212 735 274 Ο.
750 194 815 295 218]ι
950 216 1011 279 257

67 376 214 454 ingenuum
225 377 367 441 infantem
374 385 547 440 semestrem
559 380 591 438 in
606 379 670 440 loro
682 378 819 440 holitorio
830 379 1012 458 triumphum

67 459 211 535 clamasse,
226 468 257 523 et
270 462 334 524 loro
349 461 451 523 boario
466 461 572 523 bovem
585 465 618 523 in
628 463 744 524 tertiam
763 465 1041 543 contignationems

67 561 112 604 sua
124 553 226 624 sponte
240 547 407 609 escendisse
418 554 506 626 atque
520 546 592 607 inde
601 546 728 608 tumultu
739 546 935 610 habitatorum
950 556 1011 610 ter·

67 629 145 689 ritum
158 647 222 691 sese
234 629 384 700 deiecisse,
398 636 428 691 et
438 631 555 691 narium
566 631 695 711 speciem
707 630 744 691 de
755 630 837 692 caelo
848 631 1011 701 adfulsisse,
1023 639 1040 688 4

66 719 92 771 et
104 712 202 774 aedem
217 715 300 792 Spei,
317 722 453 795 quaeest
468 716 499 774 in
514 714 580 776 loro
601 713 754 784 holitorio,
776 714 900 777 fulmine
913 716 1009 786 ictam,

66 802 92 855 ct
102 795 209 866 Lanuvi
229 798 344 861 hastam
366 816 398 859 se
419 799 627 869 commovisse,
657 806 687 860 et
712 816 831 860 corvum
855 800 885 859 in
908 799 1011 861 aedem

66 876 173 941 lunonis
186 880 337 944 devolasse
356 889 442 961 atque
462 883 494 942 in
513 884 576 961 ipso
600 881 764 962 pulvinario
783 882 965 952 consedisse,
983 890 1012 944 et

65 963 91 1022 in
105 981 172 1042 agro
192 966 376 1028 Amiternino
397 965 498 1028 multis
518 965 592 1028 locis
615 967 768 1028 hominum
787 968 885 1047 specie
906 966 1011 1045 procul

64 1047 177 1109 candida
191 1058 272 1111 veste
288 1051 364 1111 risos
380 1067 437 1110 nec
451 1068 518 1111 cum
533 1049 593 1110 ullo
608 1068 796 1129 congressos,
813 1058 842 1111 et
855 1052 887 1111 in
900 1049 1010 1112 Piceno

65 1127 196 1209 lapidibus
210 1133 353 1214 pluvisse,
372 1141 402 1194 et
413 1134 504 1196 Caere
519 1142 613 1195 sortes
628 1143 813 1206 extenuatas,
829 1142 860 1197 et
872 1137 903 1195 in
918 1133 1010 1196 Gallia
1121 1208 1129 1225 ἱ

64 1211 154 1292 lupum
179 1216 260 1296 rigili
286 1216 415 1295 gladium
445 1236 481 1278 ex
503 1219 606 1296 vagina
634 1227 750 1297 raptum
770 1217 934 1280 abstulisse.
971 1218 1009 1280 ob

65 1306 151 1360 cetera
165 1300 301 1382 prodigia
322 1300 414 1362 libros
434 1300 517 1362 adire
537 1301 694 1362 decemviri
711 1303 795 1371 inssi;
819 1303 897 1381 quod
912 1310 1010 1364 autem

64 1378 196 1460 lapidibus
207 1385 350 1465 pluvisset
363 1386 395 1445 in
407 1385 530 1456 Piceno,
547 1383 729 1449 novemdiale
739 1402 855 1447 sacrum
871 1386 1007 1457 edictum,

64 1474 88 1524 et
99 1467 218 1530 subinde
234 1468 301 1530 aliis
310 1468 506 1548 procurandis
515 1484 611 1548 prope
623 1474 683 1528 tota
695 1469 794 1529 civitas
809 1478 930 1547 operata
944 1469 1007 1529 init.

63 1548 111 1609 iam
125 1553 254 1629 primum
264 1554 395 1613 omnium
408 1551 480 1614 urbs
490 1550 613 1613 lustrata
626 1559 680 1628 est,
695 1552 867 1632 hostiaeque
883 1553 1009 1613 maiores
1021 1560 1037 1610 7

63 1632 156 1710 quibus
178 1637 292 1698 editum
313 1644 358 1696 est
377 1636 433 1698 diis
454 1652 570 1705 caesae,
597 1643 626 1696 et
645 1634 755 1696 donum
777 1653 813 1696 ex
832 1637 896 1696 auri
910 1635 1009 1714 pondo

62 1716 242 1798 nonaginta
260 1720 422 1781 Lanuvium
435 1718 493 1800 [et]
508 1720 613 1780 lunoni
623 1729 772 1798 portatum
783 1727 840 1789 est,
853 1726 883 1779 et
893 1721 1009 1798 signum

62 1815 175 1864 aeneum
201 1811 357 1866 matronae
379 1802 486 1864 lunoni
512 1805 543 1863 in
561 1802 704 1864 Aventino
727 1802 950 1873 dedicaverunt,
980 1811 1010 1864 et

61 1879 266 1949 lectisternium
282 1887 387 1958 Caere,
402 1886 453 1948 nbi
467 1895 561 1948 sortes
576 1887 749 1949 adtenuatae
764 1895 863 1958 erant,
880 1890 1008 1968 impera·

62 1973 129 2039 tum,
144 1979 172 2032 et
187 1970 363 2052 supplicatio
377 1971 525 2032 Fortunae
538 1973 570 2032 in
583 1968 701 2049 Algido;
718 1971 830 2034 Romae
847 1990 964 2052 quoque
980 1979 1037 2033 eth

62 2046 265 2117 lectisternium
288 2054 445 2125 Iuventati,
469 2063 499 2116 et
512 2054 685 2135 supplicatio
701 2057 737 2117 ad
755 2055 859 2117 aedem
873 2055 1008 2118 Herculis

62 2138 238 2210 nominatim,
257 2138 363 2200 deinde
378 2141 515 2201 universo
526 2139 636 2219 populo
647 2141 725 2201 circa
737 2142 836 2201 omnia
846 2138 1008 2218 pulvinaria

60 2215 168 2293 indicta,
177 2223 308 2285 etGenio
315 2223 896 2302 maioreshostiaecaesaequinque,etC.
904 2221 1007 2284 Atilius
1018 2230 1051 2281 10

62 2298 195 2368 Semanm
206 2314 328 2387 praetor
338 2314 405 2369 vota
419 2307 570 2385 suscipere
586 2307 696 2375 iussus,
711 2308 737 2367 si
751 2308 783 2366 in
797 2306 899 2366 decem
914 2322 1008 2367 annos

61 2399 102 2446 res
111 2389 225 2466 publica
232 2389 339 2450 eodem
345 2391 565 2451 stetissetstatu.
583 2390 657 2450 haec
673 2397 829 2469 procurata
839 2396 960 2469 votaque
972 2409 1007 2451 ex
1017 2397 1048 2449 11

61 2462 135 2532 libris
142 2473 407 2554 Sibyllinismagna
418 2493 454 2534 ex
460 2481 545 2553 parte
551 2472 719 2534 levaverant
734 2471 1005 2550 religioneanimos.

114 2555 211 2619 Llllll.
246 2556 405 2619 Consulum
427 2558 646 2635 designatorum
669 2555 743 2618 alter
757 2555 932 2626 Flaminius,
959 2559 1031 2619 cuit

60 2649 106 2695 eae
118 2637 257 2719 legiones,
270 2640 517 2721 quaePlacentiae
527 2638 736 2710 hibernabant,
749 2647 829 2701 sorte
839 2650 1005 2711 evenerant,

61 2718 176 2785 edictum
191 2734 223 2786 et
236 2725 349 2787 litteras
367 2725 404 2786 ad
421 2724 572 2787 consulem
586 2725 679 2795 misit,
702 2731 737 2785 ut
750 2725 776 2785 is
790 2726 936 2786 exercitus
952 2724 1005 2786 idi·

59 2795 108 2864 bus
121 2806 230 2871 hlartiis
247 2810 372 2870 Arimini
392 2809 508 2871 adesset
526 2811 559 2870 iu
581 2810 694 2870 castris.
731 2807 782 2870 hic
807 2810 836 2869 in
856 2810 1034 2888 provincias

60 2890 234 2955 consulatum
248 2894 326 2954 inire
341 2893 495 2956 consilium
508 2902 573 2955 erat
585 2895 712 2955 memori
722 2899 854 2955 veterum
869 2896 1004 2956 certami-

60 2981 123 3031 num
135 2992 201 3036 oum
222 2975 370 3056 patribus,
394 2996 470 3058 quae
489 2978 626 3039 tribunus
646 2978 741 3057 plebis
761 2986 790 3041 et
809 2996 884 3058 quae
903 2986 1006 3057 postea

59 3055 152 3116 coum}
163 3061 245 3138 prius
261 3061 298 3122 de
309 3061 469 3132 consulatu,
486 3065 536 3141 qui
550 3062 759 3140 abrogabatur,
773 3062 841 3123 dein
853 3062 890 3122 de
901 3062 1004 3123 trium·

58 3132 111 3207 pho
133 3139 290 3214 habuerat,
315 3146 424 3207 invisus
447 3146 533 3207 etiam
554 3145 688 3224 patribus
709 3144 747 3206 ob
771 3163 875 3207 novam
898 3144 1033 3224 legens

57 3232 137 3294 wrm
152 3225 185 3296 0.
203 3227 339 3289 Claudius
355 3227 597 3309 tribunusplebis
613 3228 752 3291 adversus
769 3235 902 3289 senatum
919 3237 1005 3309 atque

57 3314 110 3398 '¹¹¹9
119 3315 234 3385 patrum
246 3312 400 3374 adiuvante
416 3314 447 3375 C.
461 3312 606 3376 Flaminio
616 3311 739 3383 tulerat,
754 3315 871 3393 nequis
887 3322 1005 3376 senator

58 3397 132 3447 cure
145 3402 263 3458 senator
281 3403 364 3476 pater
386 3396 490 3458 inisset
508 3399 686 3461 maritimam
705 3415 824 3469 navem,
847 3417 922 3478 quae
939 3399 1005 3477 plus

58 3481 137 3542 mam
157 3481 355 3541 trecentarum
381 3481 589 3561 amphorarum
609 3490 700 3553 esset,
729 3482 861 3545 haberet.
885 3484 915 3543 id
936 3482 1034 3544 satls4

94 3582 118 3616 r.
129 3585 190 3625 nrvr
202 3591 271 3631 anns
283 3594 316 3629 11.
754 3575 793 3634 17
