2350 3922
264 181 357 225 umun
372 183 461 225 xxur.
478 183 547 226 osr.
563 172 590 225 3.
605 172 632 226 4.
650 163 689 245 [a.
707 161 820 245 (1116]
962 168 1023 230 321

34 306 37 397 l
77 329 263 409 singulorum,
280 348 351 410 quas
367 332 523 411 praesidiis
538 329 690 391 clientium
713 348 925 411 servorumque
937 338 1024 392 tuen·

33 432 35 479 1
77 422 126 483 tur,
142 432 207 475 cum
221 433 335 475 summo
347 422 445 477 uestro
455 412 597 494 periculo,
610 413 661 474 sed
675 421 765 474 tutam
779 414 893 476 habetis
904 433 938 476 ac
948 412 1024 476 libe·

33 484 35 509 ¹
76 515 141 558 ram.
177 496 290 560 clausos
313 501 408 560 omnis
430 499 589 559 incuriam
617 499 756 576 accipite,
780 497 867 568 solos,
888 500 1051 562 inermis.3

31 594 34 639 t
76 583 291 663 necquicquam
307 584 413 661 raptim
432 589 482 643 aut
495 581 571 643 iortc
585 589 698 642 temere
714 583 849 660 egeritis;
872 581 908 642 de
924 584 1024 663 singu·

31 668 33 673 ·
75 663 161 725 lorum
182 668 278 745 eapite
298 665 382 727 vobis
408 669 453 728 ius
478 667 641 726 sententiae
670 663 812 727 dicendae
845 665 964 737 lacianr,
991 675 1025 729 nt

75 766 138 826 quas
152 751 273 829 quisque
290 752 412 812 meritus
427 758 472 811 est
483 767 595 827 poenas
607 748 727 829 pendat.
766 749 819 823 sed
842 756 910 813 ante
925 751 1023 812 omnia
1036 757 1054 808 4

75 831 108 890 ita
127 850 175 893 ros
194 834 257 894 irae
279 832 434 912 indulgere
457 840 641 913 oportet-ut
663 832 809 912 potiorem
831 834 877 893 ira
899 832 1023 896 salutem

76 923 153 994 atque
164 916 317 978 utilitatem
331 927 458 978 vestram
474 914 615 979 habeatis.
648 918 757 978 etenim
775 917 843 987 hos,
862 925 895 978 ut
908 918 1022 997 opinor,

74 999 164 1061 odistis
179 1010 349 1073 senatores,
363 1020 424 1062 non
436 1008 568 1061 senatum
581 1002 702 1062 omnino
717 999 829 1062 habere
845 1019 905 1062 non
921 1000 1022 1062 uoltis:

75 1085 171 1163 quippe
182 1093 232 1145 aut
244 1103 312 1156 rex,
329 1085 408 1164 quod
419 1084 662 1156 abominandum,
674 1092 738 1155 aut,
755 1085 833 1165 quod
845 1103 937 1146 unum
949 1084 1021 1145 libe-
1035 1089 1053 1141 1

75 1183 117 1225 rae
132 1169 251 1230 civitatis
267 1168 423 1230 consilium
440 1178 498 1239 est,
518 1177 637 1230 senatus
658 1168 812 1230 habendus
834 1177 887 1231 est.
923 1170 1023 1249 itaque

75 1247 140 1311 duae
153 1269 200 1313 res
215 1251 303 1314 simul
318 1252 449 1331 agendae
459 1251 542 1314 vobis
553 1261 634 1324 sunt,
651 1259 684 1313 ut
699 1261 729 1313 et
742 1260 872 1315 veterem
888 1262 1022 1316 senatum

75 1332 171 1396 tollatis
179 1344 321 1398 etnovum
328 1336 480 1416 coaptetis.
505 1338 590 1397 citari
597 1335 727 1413 singulos
738 1345 891 1397 senatores
904 1338 1052 1407 iubebo‚o
1135 1336 1139 1341 “

75 1415 105 1475 de
117 1438 238 1497 quorum
255 1422 351 1499 capite
365 1438 417 1481 vos
431 1419 598 1489 consulam;
621 1419 699 1500 quod
716 1420 752 1480 de
770 1439 886 1500 quoque
901 1438 1023 1482 censue·

75 1501 145 1572 ritis,
160 1503 219 1564 flet.
251 1503 305 1565 sed
324 1505 408 1584 prius
421 1506 453 1565 in
473 1505 536 1564 eius
551 1502 648 1564 locum
662 1504 758 1563 virum
772 1503 878 1564 fortem
897 1521 931 1563 ac
946 1511 1023 1565 stre-

74 1600 154 1647 nuum
168 1606 276 1649 norum
293 1595 460 1650 senatorem
475 1587 664 1666 cooptabitis,
688 1605 776 1667 quam
798 1587 834 1647 de
850 1587 938 1647 noxio
953 1604 1020 1667 sup·

73 1666 181 1744 plinium
200 1680 363 1733 sumatur.“
394 1672 464 1732 inde
480 1672 625 1741 consedit,
642 1679 672 1732 et
685 1670 853 1731 nominibus
867 1671 899 1730 in
914 1679 1048 1732 urnam't

72 1755 200 1816 coniectis
215 1757 303 1816 citari
318 1756 396 1834 quod
411 1757 539 1835 primum
554 1764 634 1816 sorte
653 1772 763 1815 nornen
783 1754 891 1815 excidit
910 1756 1022 1834 ipsum·

71 1853 120 1913 que
134 1856 149 1898 e
164 1841 249 1900 curia
260 1839 385 1918 produci
399 1840 491 1899 iussit.
515 1838 567 1899 ubi
578 1837 707 1899 auditum
722 1846 766 1898 est
777 1856 894 1909 nomen,
912 1838 1051 1899 malum8

71 1927 96 1977 et
106 1921 264 2000 inprobum
279 1940 335 2002 pro
349 1940 382 1982 se
397 1925 519 2003 quisque
535 1921 662 1984 clamare
679 1929 708 1982 et
729 1922 872 2004 supplicio
890 1924 1020 2003 dignum.

70 2010 123 2063 turn
142 2005 302 2067 Pacuvius:
325 2006 449 2078 „videm
473 2025 548 2086 quae
573 2007 610 2067 de
632 2008 689 2090 hop
710 2010 854 2069 sententia
876 2009 927 2068 sit:
955 2008 1050 2069 dates

69 2085 148 2162 igitur
159 2109 212 2168 pro
224 2090 306 2150 malo
319 2097 405 2169 atque
416 2090 542 2169 inprobo
553 2090 837 2152 bonumsenatorem
847 2093 1022 2151 etiustum.“

72 2172 156 2246 primo
175 2174 326 2235 silentium
346 2180 409 2233 erat
429 2176 529 2255 inopia
550 2176 673 2253 potioris
695 2172 875 2241 subiciendi:
904 2172 1018 2242 deinde,
1031 2178 1066 2230 10

73 2269 132 2315 cum
139 2258 242 2337 aliquis
248 2258 355 2316 omissa
363 2258 539 2316 verecundia
550 2259 717 2335 quempiam
726 2257 914 2325 nominasset,
927 2255 1020 2317 multo

72 2340 157 2399 maior
168 2339 315 2418 extemplo
328 2339 438 2407 clamor
449 2340 612 2409 oriebatur,
629 2357 696 2399 cum
708 2337 757 2400 alii
768 2348 912 2416 negarent
923 2356 1018 2410 nosse,
1033 2345 1062 2396 11

60 2418 115 2498 ι1111
129 2441 204 2485 nunc
218 2423 343 2505 probra,
368 2441 446 2484 nunc
461 2422 654 2483 humilitatem
669 2421 877 2501 sordidamque
890 2424 1020 2502 inopiam

73 2510 98 2562 et
110 2507 264 2583 pudendae
277 2510 348 2568 artis
359 2515 409 2568 aut
420 2514 558 2587 quaestus
570 2524 663 2585 genus
675 2505 836 2566 obicerent.
860 2505 917 2566 hoc
928 2506 1020 2567 multo
1030 2511 1064 2563 12

73 2592 158 2666 tnagis
170 2594 198 2652 in
215 2591 345 2652 secundo
361 2610 396 2651 ac
414 2593 500 2652 tertio
522 2591 609 2650 citato
630 2597 767 2650 senatore
786 2589 971 2660 estfactum,
989 2601 1023 2649 ut

72 2669 157 2747 ipsius
172 2677 324 2753 paenitere
344 2675 479 2736 homines
500 2680 670 2753 appareret,
695 2690 783 2753 quern
799 2681 896 2732 autern
912 2674 943 2732 in
959 2674 1021 2732 eius

72 2754 276 2819 substituerent
295 2758 408 2829 locum,
430 2758 546 2828 deesse,
568 2760 635 2837 quia
660 2775 716 2819 nec
736 2756 855 2817 eosdem
873 2758 1019 2817 nominari
1031 2762 1065 2815 ta
1146 2808 1147 2813 ,

72 2837 228 2912 adtinebat,
251 2841 323 2901 nihil
344 2841 424 2902 aliud
444 2860 532 2923 quam
547 2842 583 2902 ad
600 2840 745 2903 audienda
761 2839 870 2920 probra
887 2843 1020 2902 nomina-

72 2927 126 2992 tos,
149 2934 177 2985 et
191 2925 284 2985 multo
306 2924 478 2986 humiliores
499 2925 744 3005 obscurioresque
760 2926 952 2985 deteriorant
969 2927 1019 2992 eis,

72 3007 117 3080 qui
131 3010 216 3085 primi
230 3010 390 3068 memoriae
406 3009 610 3070 occurrebant.
638 3007 949 3092 111,1111111111011111]εε
965 3015 1045 3086 1111

58 3086 1020 3188 tpumnuunuannunmrmmuQuusuo

73 3170 262 3318 rubentesfiue
277 3182 411 3253 senatum
429 3194 464 3250 11
481 3176 612 3257 custod'p
628 3174 743 3253 1111111.

127 3253 174 3316 lv.
229 3277 264 3319 oc
279 3258 367 3319 modo
381 3259 522 3320 Pacuvius
533 3278 600 3320 curn
615 3259 776 3331 obnoxium
790 3260 865 3319 vitae
876 3258 1019 3319 beneficio
1034 3265 1047 3316 1

72 3348 199 3401 senatum
216 3341 373 3410 multosibi
387 3346 480 3421 magis
496 3362 583 3423 quam
599 3343 679 3423 plebi
694 3343 825 3412 lecisset,
843 3343 907 3404 sine
921 3344 1020 3412 armis,

72 3419 127 3481 larn
145 3424 279 3487 omnibus
296 3425 526 3489 concedentibus
542 3427 756 3489 dominabatur.
785 3426 855 3487 hinc
869 3434 1050 3489 senatorest

112 3535 136 3568 r.
150 3536 211 3574 nrvr
223 3540 291 3578 rans
304 3540 338 3573 11¹
771 3514 810 3575 21
