2396 3920
325 260 421 303 nmen
435 254 504 304 rin.
528 261 597 305 oar.
614 249 640 302 8.
657 251 683 303 9.
700 242 739 325 [a.
757 242 877 326 (1340]
1036 254 1076 314 st

113 427 257 493 prospere
275 416 355 470 esset
370 416 546 488 pugnatum,
557 402 582 472 ¹'a
595 412 691 488 prima
703 414 766 473 acie
781 411 818 472 ad
834 413 952 474 triarios
967 415 1076 474 sensim

110 492 570 575 referebanturrssuderemad
583 495 845 575 lilarlfflttllssstt,
870 498 937 573 cum
960 492 1101 577 labora·'

109 586 158 640 tor
190 572 196 594 '
305 574 541 721 bwffll*
555 579 651 639 triarii
665 572 892 658 consurgentes,
908 579 966 642 'ubi
981 581 1012 642 in
1029 576 1119 670 inp

336 678 356 721 u
415 680 436 721 u

173 660 232 723 ella
244 658 334 722 ordin
436 678 522 722 orum
535 663 685 742 principes
700 671 730 726 et
744 664 874 727 hastatos
884 667 1075 746 recepissent,
1091 682 1099 745 ,³

107 744 264 825 extemplo
280 746 451 824 conpressis
463 744 617 808 ordinibus
631 745 711 808 velut
724 746 899 810 claudebant
912 750 987 822 rias,
1000 766 1074 813 unc·
1087 754 1120 879 pa
1183 762 1184 765 ’

105 830 347 911 quecontiuenti
358 830 484 909 agmine,
495 831 555 891 iam
566 829 646 891 nulla
657 848 709 913 spe
720 830 1075 913 postrelicta,inhostem

105 911 300 976 incidebant:
312 911 343 973 ld
353 919 422 975 crat
428 913 734 978 formidolosissimum
745 916 837 987 hosti,
850 932 918 977 cum
929 914 1008 976 velut
1017 916 1076 975 ric·
1107 914 1115 981 ξ

105 1006 154 1060 tos
166 997 301 1058 ‘insecmi
314 1014 420 1058 noram
432 1006 556 1078 repento
567 1001 661 1061 aciem
674 1006 881 1081 exsurgentem
893 1006 1009 1061 auctam
1022 1005 1076 1060 nu·
1102 1018 1112 1071 ,5

106 1100 195 1145 mero
211 1079 386 1143 cernebant.
404 1081 623 1155 osenbebantm
640 1092 737 1147 autem
751 1091 890 1166 quattuor
904 1084 967 1145 lere
982 1083 1074 1163 legio·
1087 1076 1120 1165 td
1139 1108 1149 1159 .·

109 1184 165 1228 nes
179 1166 282 1246 ursinis
297 1163 416 1226 milibus
430 1165 742 1249 peditumgeqnitibus
756 1170 787 1230 in
800 1167 930 1248 singulas
945 1167 1077 1248 legiones
1104 1166 1116 1255 ξ
1151 1172 1156 1179 ’

108 1249 253 1311 trecenis.
278 1248 404 1311 alterum
415 1258 529 1311 mutum
541 1252 689 1314 chatino
702 1252 811 1314 dilectu
823 1252 1013 1323 adiciebatur,
1027 1253 1077 1332 qni
1145 1306 1146 1309 ,

112 1350 150 1394 ea
160 1336 340 1411 tempestate
352 1333 452 1394 hostes
467 1341 552 1395 erant
562 1334 721 1408 Romame,
732 1336 896 1416 eodemque
911 1338 1016 1398 ordine
1030 1339 1076 1396 in·

114 1422 284 1478 struxerant
300 1418 405 1479 aciem
434 1435 491 1478 nec
510 1417 615 1479 vexilla
636 1437 703 1480 cum
725 1419 838 1481 vexillis
857 1426 986 1490 tautum,
1010 1420 1074 1479 uni·
1103 1425 1120 1477 5

115 1500 200 1560 tersi
211 1499 316 1562 hastati
331 1518 398 1561 cum
413 1499 549 1571 hastatis,
564 1503 715 1581 principes
730 1519 798 1562 cum
811 1502 1009 1581 principibus,
1026 1501 1082 1577 sed
1132 1484 1162 1580 f

119 1583 253 1644 centurio
267 1602 384 1665 quoque
403 1602 470 1646 cum
486 1586 675 1656 centurione,
703 1587 728 1644 si
744 1584 865 1645 ordines
886 1582 996 1644 turbati
1017 1590 1075 1644 no‘
1136 1580 1149 1609 ·'

116 1673 232 1738 essent,
248 1668 486 1755 concurrendum
497 1667 556 1729 sibi
570 1684 634 1729 esse
649 1667 786 1735 sciebat·
801 1667 858 1729 duo
871 1668 961 1747 primi
972 1665 1025 1748 pili
1040 1685 1056 1728 e
1087 1673 1135 1751 16>

111 1758 241 1831 utraque
256 1753 318 1812 acie
331 1753 411 1814 luter
423 1754 543 1813 triarios
558 1760 656 1824 erant,
681 1753 831 1814 Romanus
846 1769 973 1832 corpore
984 1752 1043 1815 ban

111 1852 263 1916 quaquam
284 1837 357 1896 satis
378 1835 505 1909 validus,
530 1834 662 1899 ceterum
685 1845 824 1899 strenuus
842 1837 887 1899 rir
906 1838 1078 1917 peritusque

109 1918 251 1990 militiae,
266 1919 388 1981 Latinus
398 1919 511 1982 viribus
524 1922 630 2000 ingens
640 1919 824 2003 bellatorque
838 1923 966 2002 primus,
984 1922 1074 1982 notis-

107 2004 181 2066 simi
197 2004 276 2064 inter
297 2020 346 2075 se,
366 2005 432 2084 quis
452 2021 539 2084 pares
558 2023 678 2084 semper
698 2005 817 2068 ordines
832 2005 986 2066 duxerant.
1016 2005 1075 2066 Ro·

107 2104 204 2149 mano
225 2086 305 2148 band
327 2090 398 2148 satis
421 2088 525 2149 fidenti
543 2088 655 2150 viribus
686 2090 744 2150 iam
766 2090 877 2152 Romae
900 2089 1078 2167 permissum
1183 2122 1184 2127 κ

108 2179 179 2234 erat
190 2170 229 2231 ab
241 2170 420 2241 consulibus,
431 2179 465 2233 ut
475 2172 645 2234 subcentur'
704 2191 734 2234 m
747 2173 812 2243 sibi,
828 2189 917 2252 quem
928 2169 1023 2239 vellet,
1036 2169 1079 2230 le·
1183 2170 1184 2175 ’

107 2262 215 2335 geret,
238 2257 289 2334 oui
311 2262 458 2317 tutaretm
479 2274 546 2317 enm
567 2256 605 2317 ab
626 2191 854 2326 &destinato
874 2254 973 2323 hoste;
994 2255 1079 2333 isque
1183 2278 1184 2281 ¹

106 2340 231 2401 iuvenis
241 2340 273 2399 in
284 2340 347 2400 acie
357 2338 474 2400 oblatus
486 2358 522 2400 ex
535 2342 708 2401 centurione
719 2339 824 2401 Latino
835 2339 988 2400 victoriam
1001 2335 1077 2399 tulit.

200 2422 370 2500 Pugnatum
383 2431 427 2484 est
440 2422 518 2485 baud
535 2423 641 2521 prpcul
660 2423 810 2485 radicibus
824 2422 939 2484 Vesuvii
959 2423 1075 2490 montis,
1089 2426 1122 2478 lc
1183 2434 1184 2437 ’

108 2526 172 2590 qua
183 2508 232 2568 via
246 2505 284 2566 ad
298 2505 430 2568 Veserim
444 2505 572 2585 [urebat
583 2507 649 2575 illi.
671 2507 797 2567 Romani
814 2502 966 2578 consules,
982 2507 1106 2583 prius-1

107 2609 208 2674 quam
224 2590 385 2652 educerent
398 2592 429 2651 in
443 2592 546 2675 aciem,
563 2573 918 2669 immolaveruntfflecio
934 2593 1022 2663 caput
1035 2588 1079 2645 io·
1103 2592 1109 2617 ‘1
1168 2630 1184 2671 „

109 2675 227 2738 cineris
249 2693 266 2735 a
286 2674 424 2736 familiari
442 2683 528 2754 parte
543 2690 662 2734 caesum
685 2671 834 2750 haruspex
853 2669 960 2730 dicitur
980 2676 1079 2730 osten·

109 2759 211 2821 disse:
224 2756 335 2838 alioqui
343 2765 496 2838 acceptam
507 2756 552 2819 dis
561 2756 688 2817 hostiam
699 2773 778 2825 esse;
804 2753 945 2819 Manlium
961 2755 1080 2833 egregie
1099 2790 1110 2843 3

109 2843 227 2904 litasse.
258 2850 315 2921 „at
335 2844 366 2902 ui
379 2841 457 2903 bene
471 2840 589 2903 habet“
605 2842 700 2921 inquit
712 2839 832 2912 Decius,
851 2839 903 2911 „si
915 2837 952 2900 ab
968 2836 1080 2917 collega

110 2926 233 2988 litatum
248 2932 325 2988 est.“
351 2926 517 2997 instructis,
539 2927 615 2987 sicut
631 2932 700 2986 ante
718 2924 829 2986 dictum
845 2931 903 2994 est,
926 2886 1115 3029 ordinibusl

111 3024 291 3090 processere
309 3028 341 3072 nr
356 3012 459 3073 aciem.
490 3009 614 3071 Manlius
628 3008 747 3079 dextro,
769 3007 875 3070 Decius
889 3007 972 3068 laevo
985 3022 1081 3066 cornu
1105 3031 1117 3099 p

112 3101 268 3174 praeerat
293 3097 391 3174 primo
413 3095 563 3173 utrimque
582 3095 683 3173 aeqrais
699 3091 826 3163 viribus,
848 3089 953 3151 eodem
974 3087 1118 3174 ardores.

116 3179 287 3239 anlmomm
306 3177 467 3257 gerebatur
486 3195 551 3248 res;
580 3177 687 3239 deinde
709 3176 747 3237 ab
766 3174 848 3237 laevo
864 3188 957 3235 cornu
973 3172 1081 3232 hastati
1181 3184 1184 3207 ⁴

115 3260 331 3332 Romani,non
341 3262 473 3323 ferentes
483 3263 699 3341 inpressionem
708 3259 940 3327 Latinorum,se
951 3256 988 3316 ad
999 3257 1081 3336 prin·
1093 3258 1108 3329 ξ

118 3346 201 3424 cipes
214 3363 367 3427 recepere.
408 3348 441 3408 in
455 3346 511 3408 bac
525 3345 721 3425 trepidatione
735 3342 842 3405 Decius
857 3338 960 3431 consul
973 3340 1012 3401 Μ.
1024 3326 1109 3424 Vel

33 3452 37 3457 ·
118 3427 226 3490 lelium
252 3446 358 3508 magna
380 3449 452 3492 roce
475 3429 630 3491 inclamat:
666 3426 841 3499 „deoromr
865 3426 962 3505 inquit
989 3440 1105 3500 „oper
1183 3428 1184 3433 ’

119 3510 158 3574 ll.
177 3513 291 3587 Valeri,
317 3532 391 3595 epus
414 3522 471 3576 est:
502 3512 642 3591 agedum,
663 3509 797 3592 pontifex
821 3509 956 3589 publicus
980 3503 1082 3587 populi

1111 3822 1184 3898 ,A
