2290 3920
140 216 203 279 276
288 229 381 273 nuncu
395 230 473 273 xm.
491 229 559 272 cnr.
576 218 617 271 16.
633 217 674 270 17.
688 216 730 269 18.
749 208 789 291 [a.
804 233 835 273 u.
850 233 878 274 e.
893 209 955 294 537]

141 376 244 439 telellit
254 378 315 438 suis
329 395 362 438 se
373 376 485 439 artibus
497 379 569 457 peti.
599 379 699 458 itaque
714 394 780 439 eum
796 392 851 455 per
861 377 1020 440 Casilinum
1034 396 1091 440 era·

142 461 213 521 dere
228 479 289 522 non
304 469 417 540 posset,
441 461 618 541 petendique
640 470 756 522 montes
777 468 807 521 et
830 463 932 540 iugum
947 461 1090 524 Calliculae

142 545 341 624 superandum
370 555 461 616 esset,
496 545 604 606 necubi
628 543 779 606 Romanus
805 544 953 606 inclusum
979 545 1090 607 vallibus

113 637 249 706 bagmen
266 628 491 707 adgrederetur,
508 628 668 690 ludibrium
683 628 837 689 oculorum
854 630 954 707 specie
969 630 1088 691 terribile

143 711 179 772 ad
195 712 396 775 frustrandum
407 712 522 774 hostem
534 720 719 774 commentus
730 713 877 791 principio
890 714 987 773 noctis
1001 714 1088 775 furtin

115 797 304 858 7suceedere
325 796 364 857 ad
389 804 505 858 montes
522 799 631 858 statuit.
670 795 783 856 fallacis
799 794 916 857 consilii
931 795 998 858 talis
1012 814 1088 876 appa·

143 888 225 941 ratus
236 881 304 942 luit:
314 881 530 961 facesundique
541 899 578 941 ex
589 882 667 959 agris
676 879 829 941 conlectae
840 880 995 960 fascesque
1007 883 1088 959 virga·

143 978 210 1025 rum
222 972 309 1044 atque
320 965 395 1025 aridi
405 962 840 1043 sarmenti*praeliganturque
852 963 993 1027 cornibus
1003 964 1088 1034 boun,

144 1066 217 1127 quos
229 1047 354 1110 domitos
367 1047 584 1128 indomitosque
599 1048 706 1109 multos
720 1049 799 1108 inter
811 1055 941 1109 ceteram
957 1057 1089 1125 agrestem

116 1131 285 1210 upraedam
301 1130 415 1209 agebat.
448 1132 484 1192 ad
500 1131 558 1192 duo
576 1132 655 1192 milia
677 1131 772 1193 ferme
787 1130 878 1192 boum
895 1131 1014 1204 effecta,
1029 1133 1089 1193 llas·

145 1213 320 1295 drubabque
336 1216 484 1294 negotium
502 1216 617 1285 datum,
638 1223 671 1277 ut
686 1213 805 1296 [primis
817 1214 965 1297 tenebris]
980 1233 1034 1296 per
1045 1232 1089 1276 nc·

145 1305 221 1358 ctem
243 1297 274 1358 id
292 1307 460 1360 armentum
480 1302 611 1361 accensis
634 1299 774 1360 cornibus
800 1299 838 1360 ad
859 1302 969 1361 montis
993 1306 1089 1379 egeret,

86 1386 89 1395 “
144 1383 285 1467 maxime,
302 1385 328 1445 si
345 1391 457 1462 posset,
476 1402 565 1464 super
578 1382 670 1445 saltus
685 1383 722 1443 ab
739 1384 824 1444 hoste
842 1384 982 1445 insessos.

115 1475 150 1527 1·
206 1465 292 1528 xvu.
330 1467 437 1529 Primis
469 1468 599 1529 tenebris
624 1467 741 1528 silentio
766 1474 849 1543 mota
875 1474 988 1538 castru3
1013 1466 1090 1529 bores

116 1550 294 1631 taliquanto
316 1559 384 1612 ante
404 1554 488 1632 signa
510 1553 576 1612 acti.
615 1551 667 1612 ubi
681 1549 724 1610 'ad
741 1548 858 1612 radices
869 1552 1089 1613 monuumues

82 1666 85 1671 ⁴
146 1654 203 1716 que
215 1644 353 1716 angustas
367 1642 485 1696 ventum
501 1643 559 1706 est,
576 1637 692 1713 siguum
709 1634 857 1714 extemplo
878 1633 982 1707 datur,
1004 1643 1036 1697 ut
1051 1652 1090 1695 ac·

145 1723 241 1781 censis
253 1718 392 1787 cornibus
411 1727 544 1781 armenta
566 1718 756 1783 inadversos
770 1720 959 1780 concitentur
979 1721 1090 1786 mcum,

146 1812 175 1862 et
192 1804 366 1881 motusipse
388 1802 548 1863 relucentis
568 1803 703 1865 flammae
724 1803 870 1880 cacapite
888 1801 1028 1884 calorque
1043 1805 1090 1863 ian

145 1884 290 1946 advivam
306 1886 343 1963 ad
360 1887 477 1966 imaque
496 1900 640 1949 cornuum
663 1886 822 1947 adueniens
845 1884 925 1947 velut
938 1885 1090 1949 stimulatos

117 1968 245 2030 sturme
266 1966 372 2047 agebat
393 1968 495 2031 'boves
535 1989 594 2051 quo
615 1976 739 2048 repente
764 1969 900 2031 discursu
914 1970 996 2033 baud
1020 1987 1091 2031 secus

145 2066 232 2133 quarn
247 2052 326 2113 silvis
345 2053 553 2135 montibusque
574 2053 706 2115 accensis
724 2055 822 2115 omnia
844 2054 957 2116 circum
978 2053 1090 2133 virgulta

144 2137 264 2208 ardere,
293 2139 479 2218 capitumque
507 2140 594 2199 inrita
619 2139 767 2218 quassatio
795 2139 926 2199 excitans
954 2138 1090 2200 llammau

115 2221 296 2282 thominum
308 2224 416 2301 passim
429 2222 656 2283 discurrentium
668 2223 798 2302 speeiem
809 2221 982 2301 praebebat.
1006 2218 1091 2302 quial

143 2307 299 2366 transitum
324 2305 415 2367 saltus
440 2304 627 2367 insidendum
651 2305 740 2365 locati
765 2313 864 2376 erant,
894 2304 946 2366 ubi
971 2307 1003 2366 in
1024 2320 1090 2366 sum·

143 2390 199 2449 mis
216 2388 365 2450 montibus
379 2406 413 2449 ac
429 2406 518 2469 super
535 2408 567 2450 se
578 2389 720 2468 quosdam
735 2390 820 2465 lgneo
837 2404 1031 2469 conspexere,
1045 2390 1090 2448 cir·

144 2478 314 2533 eumventos
328 2490 361 2532 se
386 2489 450 2533 esse
472 2474 528 2533 rati
543 2472 690 2552 praesidio
710 2489 879 2542 excessere3
901 2490 960 2552 qua
982 2473 1090 2534 minime

144 2553 253 2616 densae
268 2556 416 2619 micabant
429 2557 583 2626 flammae,
608 2556 687 2617 velut
701 2557 881 2618 tutissimum
894 2557 952 2617 iter
969 2562 1089 2637 petentes

142 2657 257 2700 summa
272 2643 418 2701 montium
430 2642 509 2720 iuga,
525 2649 623 2702 tamen
639 2642 671 2701 in
686 2639 828 2719 quosdam
847 2638 937 2701 boves
957 2638 1088 2721 palatost
1113 2632 1118 2643 '

117 2725 206 2783 bsuis
220 2723 360 2801 gregibus
373 2724 550 2785 inciderunt.
583 2730 612 2784 et
622 2726 719 2803 primo
737 2742 803 2787 cum
817 2722 923 2802 procul
935 2726 1088 2787 cernerent

142 2804 232 2866 veluti
245 2806 377 2867 flammas
392 2807 566 2885 spirantium
589 2806 731 2869 miraculo
752 2808 876 2868 adtoniti
891 2810 1088 2870 eonstiteruutt

116 2888 252 2950 ttdeinde
272 2896 305 2949 ut
326 2889 455 2951 bumana
473 2894 609 2970 apparuit
629 2891 724 2963 fraus,
745 2898 809 2953 tum
822 2909 893 2953 vero
909 2891 1031 2954 insidias
1045 2884 1088 2950 rati

142 2990 222 3043 esse,
245 2991 313 3034 cum
334 2974 446 3034 maiore
472 2973 598 3036 tumultu
621 2978 776 3039 concitant.
792 2992 825 3036 se
842 2976 875 3036 in
901 2976 1012 3055 lugam.
1042 2969 1087 3033 levi

142 3075 259 3138 quoque
270 3065 436 3119 armaturae
449 3057 577 3120 hostium
587 3060 755 3130 incurrere;
768 3067 901 3121 ceterum
911 3078 971 3121 nox
979 3061 1086 3139 aequato

112 3144 247 3203 tumore
257 3149 380 3204 neutros
393 3142 739 3223 pugnamincipientisad
753 3143 850 3205 lucem
861 3145 965 3206 tenuit.
990 3145 1086 3204 interea

142 3232 204 3286 toto
219 3229 335 3305 agmine
349 3226 495 3288 Hannibal
510 3228 679 3289 transducto
693 3246 750 3306 per
763 3226 868 3289 saltum
880 3234 912 3290 et
926 3224 1085 3309 quibusdan

143 3308 173 3366 in
193 3310 260 3449 {pso
280 3311 356 3373 saltu
373 3312 503 3373 bostium
529 3313 678 3391 oppressis
699 3313 731 3372 iu
754 3330 826 3392 agro
850 3311 976 3374 Allifano
1002 3306 1084 3390 posull

144 3406 193 3448 cas
205 3407 248 3450 ra.

117 3476 133 3525 1
206 3470 305 3535 xvttl.
334 3477 419 3539 Hunc
434 3480 590 3542 tumultum
605 3482 696 3542 sensit
713 3481 835 3543 Fabius:
863 3487 994 3541 ceterum
1009 3482 1038 3539 et
1048 3475 1084 3533 in·
