2396 3920
272 232 369 274 smne
382 232 436 274 nn.
455 229 523 275 cnr.
540 218 585 269 20.
600 219 642 268 21.
658 214 700 291 ie,
717 210 752 272 O.
767 212 828 268 354.
844 208 908 291 ³53]
1020 211 1060 274 21

108 381 293 463 putationem
306 380 457 441 Romanos
465 378 663 450 lacessierant,
682 387 768 449 esset,
784 396 871 440 verus
887 375 957 439 belli
973 384 1071 440 terror

106 468 231 536 invasit,
254 473 299 536 et,
320 480 409 543 quam
424 481 482 524 non
502 481 621 525 suarum
635 465 740 524 virium
762 480 795 523 ea
815 461 964 523 dimicatio
983 469 1069 533 esset,
1191 512 1192 521 ,

106 549 291 619 cernebant;
313 546 540 628 paenitebatque
559 545 770 627 populationis,
791 555 822 607 et
841 546 1101 626 Tarquiniensest
1191 554 1192 589 l

105 633 336 696 execrabantur.
350 630 523 693 deiectionis
545 640 695 699 auctores;
717 648 773 691 nec
793 647 875 692 arma
896 639 946 691 aut
959 629 1071 692 bellum
1125 696 1127 702 k

104 721 269 798 quisquam
282 733 439 796 apparare,
455 715 507 778 sed
526 733 581 796 pro
596 734 628 776 se
640 717 763 795 quisque
776 712 889 792 legatos
899 716 975 776 mitti
988 713 1070 775 iube·
1191 774 1192 799 ,

104 801 155 862 bat
166 803 206 864 ad
218 798 381 882 petendam
393 801 503 861 erroris
519 801 642 859 veniam.
664 798 752 878 legati
766 805 899 859 senatum
910 816 979 859 cum
993 797 1070 859 adis·
1085 802 1102 854 3
1191 806 1192 853 t

104 894 184 957 sent,
202 885 355 947 absonam
367 883 660 963 relectiadpopuium
671 883 935 960 deosrogaverunt,
946 899 1071 959 qnorum
1191 890 1192 893 ’

105 987 193 1032 sacra
209 967 293 1030 bello
306 966 417 1030 Gallico
432 975 552 1047 accepta
566 968 621 1027 rite
637 975 859 1045 procurassent,
876 974 909 1027 ut
922 964 1072 1026 Romanos

105 1054 255 1115 florentes
267 1054 362 1113 easui
376 1050 576 1112 misericordia
588 1059 719 1130 caperet,
736 1068 855 1131 quaese
870 1048 960 1110 rebus
973 1048 1071 1110 adlec-

95 1139 145 1198 tis
159 1135 315 1217 quondam
326 1134 428 1215 populi
438 1135 563 1196 Romani
574 1136 713 1215 cepisset;
731 1135 923 1213 conversique
939 1133 976 1194 ad
990 1132 1101 1195 delo-t

107 1221 165 1281 bra
178 1221 289 1281 Vestae
307 1220 466 1298 hospitium
481 1218 634 1280 flaminum
653 1218 872 1298 Vestaliumque
889 1217 927 1280 ab
941 1236 973 1279 se
993 1225 1073 1278 caste

112 1323 147 1366 ac
171 1303 312 1382 religiose
338 1301 449 1365 cultum
474 1302 666 1364 invocabant:
692 1321 765 1364 eane
789 1304 911 1364 meritos
937 1303 1103 1362 crederetis

113 1389 269 1467 qmsquam
291 1387 393 1447 hostes
413 1394 537 1467 repente
558 1388 622 1447 sine
643 1404 730 1448 causa
749 1387 855 1457 factos,
877 1395 940 1457 aut,
957 1383 985 1446 ‘si
999 1383 1072 1465 quid
1191 1458 1192 1465 ἵ

115 1470 262 1531 hostiliter
275 1470 427 1540 fecissent,
450 1469 574 1530 consilio
595 1470 623 1528 id
640 1471 734 1546 magis
755 1472 843 1547 qnam
858 1468 960 1530 furore
976 1468 1074 1546 lapsos
1191 1484 1192 1499 ³

121 1553 243 1623 iecisse,
263 1563 292 1614 ut
312 1572 365 1615 sua
385 1562 485 1616 vetera
503 1551 661 1620 beneficia,
685 1549 779 1611 locata
800 1553 974 1627 praesertim
997 1549 1074 1628 apud

121 1645 180 1697 tam
202 1645 313 1715 gratos,
335 1639 418 1698 novis
438 1642 668 1715 conrumperent
690 1633 841 1695 maleficiis
860 1633 1074 1713 florentemque
1191 1678 1192 1681 ,

113 1719 257 1800 populum
271 1721 435 1782 Romanum
451 1738 485 1782 ac
503 1718 705 1780 felicissimum
719 1716 797 1778 bello
811 1716 868 1779 sibi
885 1717 1075 1780 desumerent
1191 1718 1192 1765 t

113 1805 248 1875 bostem,
266 1807 349 1865 cuius
366 1804 475 1865 adflicti
488 1804 644 1864 amicitiam
658 1802 821 1882 petissent?
838 1820 876 1864 ne
891 1802 1074 1884 appellarent
1191 1818 1192 1821 ¹

114 1888 287 1958 considam,
302 1904 377 1966 quae
393 1889 437 1948 vis
451 1904 485 1947 ac
499 1889 660 1948 necessitas
671 1885 843 1966 appellanda
857 1898 944 1949 esset.
978 1894 1073 1949 trans·
1088 1893 1105 1944 o

112 1973 213 2033 euntis
235 1972 354 2049 agmine
379 1971 487 2033 infesto
514 1988 569 2049 per
595 1988 698 2048 agrum
725 1988 812 2032 suum
833 1972 1072 2050 Tarquinienses,

112 2074 182 2116 cum
197 2063 317 2134 praeter
331 2056 407 2116 viam
427 2052 500 2114 nibil
515 2055 672 2134 petissent,
686 2056 811 2115 traxisse
830 2054 974 2135 quosdam
989 2071 1072 2136 agre·

6 2204 8 2207 ,
69 2165 76 2180 ·
111 2141 204 2199 stium
218 2137 416 2217 populationis
433 2139 511 2208 eius,
528 2137 673 2218 quaesibi
691 2140 806 2199 crimini
822 2140 922 2209 detur,
939 2140 1072 2198 comites.

6 2250 7 2255 ¹
111 2240 167 2283 eos
182 2238 237 2282 seu
251 2221 320 2282 dedi
337 2221 465 2302 placeat,
488 2221 599 2289 dedere
613 2239 645 2283 se
659 2228 778 2301 paratos
796 2240 874 2293 esse,
895 2219 1102 2301 seu-supplic

113 2308 162 2366 cio
177 2304 277 2374 adfici,
294 2304 414 2367 daturos
428 2323 548 2385 poenas.
578 2306 686 2377 Caere,
711 2309 871 2369 sacrarium
892 2304 994 2385 populi
1013 2304 1074 2366 Ro·

112 2390 210 2458 mani,
225 2387 427 2450 deversorium
445 2389 631 2450 sacerdotum
647 2407 681 2451 ac
694 2389 912 2469 receptaculum
927 2389 1074 2451 Romano-

113 2492 183 2533 rum
193 2489 364 2543 sacrorum,
379 2474 520 2534 intactum
538 2472 765 2551 inviolatumque
785 2475 909 2534 crimine
928 2472 1000 2533 belli
1020 2473 1073 2533 bo·

112 2558 206 2636 spitio
216 2555 375 2616 Vestalium
387 2555 532 2635 cultisque
543 2555 598 2616 diis
610 2555 723 2616 darent.
752 2557 843 2615 movit
857 2554 998 2633 populum
1014 2560 1106 2615 none

6 2690 7 2695 ,
113 2648 175 2700 tam
199 2657 288 2700 causa
310 2657 451 2718 praesens
472 2657 559 2717 quam
588 2645 671 2698 vetus
699 2639 852 2707 meritum,
881 2645 914 2697 ut
939 2635 1075 2697 maleficii

113 2741 202 2801 qnam
214 2721 349 2783 beneficii
359 2723 458 2802 potius
467 2724 647 2783 inmemores
656 2727 764 2782 essent.
783 2721 883 2800 itaque
896 2739 954 2800 pax
963 2721 1074 2802 populo

112 2807 226 2868 Caeriti
240 2805 306 2867 data
318 2806 506 2884 indutiasque
523 2807 683 2868 incentum
695 2824 789 2867 annos
803 2804 895 2868 lactas
908 2808 940 2867 in
954 2813 1074 2868 senatus
1156 2807 1163 2817 “

7 2886 8 2961 ἶ
113 2888 408 2950 consultomreterri
428 2890 546 2968 placuit.
580 2891 610 2950 in
628 2888 758 2951 Faliscos
779 2890 882 2952 eodem
899 2891 1002 2952 noxios
1016 2892 1105 2951 cri-9

7 3012 8 3031 r
112 2975 196 3053 mine
209 2976 253 3033 vis
269 2971 340 3033 belli
362 2981 577 3045 conversasse,
600 2974 653 3036 sed
666 2974 767 3036 hostes
787 2993 931 3053 nusquam
952 2975 1073 3035 inventi,

113 3074 184 3119 cum
203 3055 393 3136 populatione
412 3060 562 3136 peragrati
579 3059 653 3119 fines
675 3066 786 3129 essent,
802 3058 839 3120 ab
855 3059 1074 3136 oppugnatione

8 3168 9 3201 t
113 3138 235 3201 urbium
250 3148 455 3217 temperatum
474 3139 697 3220 legionibusque
711 3142 834 3203 Romam
856 3140 986 3201 reductis
1003 3138 1073 3200 reli·

113 3241 182 3284 cum
210 3225 281 3284 anni
301 3226 393 3286 muris
412 3224 601 3306 turribusque
622 3225 788 3286 reficiendis
809 3230 1031 3302 consumptum,
1044 3233 1074 3285 et

9 3372 10 3381 χ
113 3305 345 3386 aedislpollinis
355 3307 487 3372 dedicata
497 3316 550 3370 est.

177 3388 253 3451 XXI.
284 3390 425 3452 Extremo
439 3410 515 3453 anno
530 3394 647 3455 comitia
667 3371 831 3452 consularia
852 3403 1002 3454 certamen
1019 3411 1072 3470 pa·
1088 3399 1102 3451 1

112 3483 196 3534 uum
219 3491 254 3534 ac
282 3470 378 3551 plebis
393 3564 395 3567 Ι
410 3474 540 3546 diremit,
570 3475 698 3536 tribnms
729 3474 905 3554 negantibus
932 3491 1073 3553 passuros
