2280 3926
248 258 257 265 «
284 239 377 283 nmen
390 242 421 284 x.
441 238 509 282 oar.
530 226 557 281 3.
573 228 598 279 4.
612 217 652 302 [a.
670 221 705 284 0.
720 219 793 304 302}
834 277 837 282 .
951 227 1011 289 itt

12 404 13 463 3
75 392 117 446 tus
127 385 241 448 Romam
264 396 353 458 esset,
377 390 517 466 magister
541 388 671 469 equitum
689 388 858 468 pabulatum
876 405 1012 467 egressus

12 480 14 551 ξ
74 488 105 529 er
117 468 220 531 insidiis
235 471 474 543 circumvenitur,
495 474 645 552 signisque
665 471 777 551 aliquot
791 473 905 534 amissis
925 471 1011 534 foeda

74 552 183 615 milium
197 554 285 617 caede
300 572 334 616 ac
348 557 417 634 luga
431 557 463 617 in
478 564 573 618 eastra
589 564 634 618 est
650 555 818 637 conpulsus.
849 557 899 634 qui
912 562 1043 617 terrori

12 642 14 705 ξ
73 653 130 716 ηοιις
142 656 175 698 eo
194 646 304 703 tantum
325 657 341 700 a
360 639 451 702 Fabio
472 640 626 711 abhorret,
648 638 770 719 quodsi
795 657 851 717 qua
872 637 927 699 alia
948 648 1012 701 arta

12 796 14 805 ι
72 737 218 798 cognomen
235 743 321 786 suum
338 725 472 803 aequavit
492 731 555 786 tum
569 741 706 784 maxume
730 721 844 783 bellicis
868 721 1011 793 laudibus,

13 810 14 877 j
71 805 208 867 sedetiam
223 808 300 887 quod
315 825 430 869 memor
444 808 618 887 Papirianae
632 808 769 871 saevitiae
784 823 958 885 numquam,
980 809 1041 868 ute

13 966 14 969 Ἴ
71 886 205 951 dictatoris
218 893 331 954 iniussu
348 891 515 963 dimicaret,
531 892 637 953 adduci
651 891 804 971 potuisset.

13 978 15 1055 ἶ
120 973 162 1034 ll·
187 974 1037 1066 Nunbffledmemnmnmnmmmn-reu
1127 1004 1128 1007 κ

70 1065 133 1127 erat,
153 1067 297 1122 terrorem
317 1061 430 1121 excivit.
460 1076 529 1120 nam
550 1067 584 1120 ut
605 1060 736 1120 exrcitu
751 1058 848 1120 deleto
868 1059 908 1117 ita
929 1058 1012 1118 lusti·
1127 1110 1128 1119 ,

71 1137 130 1202 ll
139 1128 294 1215 indictum,
307 1143 457 1204 custorae
466 1145 498 1204 in
509 1145 616 1222 portis,
629 1141 744 1223 vigiliae
754 1143 872 1204 vicatim
884 1149 1043 1213 exactae,2
1073 1200 1076 1205 ,
1127 1190 1128 1193 ,

69 1240 151 1294 arma,
169 1226 224 1289 tela
237 1230 270 1288 in
286 1245 389 1289 muros
406 1235 555 1305 congesta.
585 1226 724 1289 omnibus
737 1225 903 1289 iunioribus
915 1231 1041 1288 sacra-tt
1127 1248 1128 1251 ¹

12 1348 13 1381 3
70 1317 154 1370 mento
178 1311 290 1372 adactis
311 1311 435 1372 dictator
459 1310 494 1371 ad
517 1311 679 1371 exercitum
703 1312 810 1372 missus
835 1311 934 1371 omnla
958 1328 1011 1388 spe

69 1393 253 1472 tranquilli0ra
269 1401 300 1455 et
314 1395 464 1474 conposita
475 1395 609 1472 magistri
623 1394 754 1473 equitum
770 1411 855 1462 cura,
872 1401 966 1453 castra
980 1395 1011 1452 in
1127 1468 1128 1471 Ἴ

12 1512 16 1549 3
68 1477 190 1539 tutiorem
203 1478 303 1540 locum
319 1478 452 1547 redacta,
476 1478 629 1546 cohortes,
652 1494 727 1556 quae
743 1477 826 1553 signa
843 1478 1040 1545 amiseranta

15 1556 17 1565 ⁵
56 1567 138 1621 ventra
158 1561 265 1625 vallum
285 1564 350 1623 sine
371 1562 506 1622 tentoriis
528 1561 680 1622 destitutas
701 1561 826 1628 invenit,
850 1559 1011 1618 exercitum

75 1644 175 1706 aridum
189 1665 321 1727 pugnae,
341 1665 399 1725 quo
416 1646 560 1708 maturius
576 1645 737 1723 ignominia
751 1641 928 1703 aboleretur.
963 1643 1044 1702 ita-5
1127 1638 1128 1643 ’

14 1768 17 1793 r
67 1743 114 1805 que
124 1731 275 1792 confestim
288 1737 383 1791 castra
396 1730 465 1791 inde
480 1730 510 1790 in
529 1745 632 1806 agrum
650 1726 841 1789 Rusellanum
854 1727 1009 1806 promovit.

12 1818 16 1887 ξ
67 1826 96 1870 co
108 1821 134 1872 et
145 1812 242 1875 hostes
254 1815 365 1884 secuti,
383 1830 559 1893 quamquam
573 1831 609 1872 ex
624 1811 700 1873 bene
716 1818 798 1889 gesta
818 1829 852 1872 re
866 1817 1041 1872 summamt

15 1916 16 1959 3
65 1895 129 1955 etin
141 1906 241 1977 aperto
253 1899 416 1958 certamine
429 1897 534 1957 virium
550 1913 635 1976 spem
649 1894 812 1966 habebant,
829 1903 929 1958 tamen
939 1896 1011 1955 insi-

12 2030 14 2035 .
65 1975 110 2039 diis
119 1998 243 2061 quoque,
259 1999 333 2060 quas
348 1979 474 2042 feliciter
486 1981 600 2061 experti
611 1986 709 2051 eraut,
724 1979 839 2041 hostem
856 1986 1011 2059 temptant.

14 2122 15 2127 ,
65 2065 130 2123 tecta
144 2067 285 2127 semiruta
304 2064 361 2124 rici
377 2083 432 2143 per
445 2065 637 2126 vastationem
658 2081 798 2142 agrorum
818 2063 914 2124 deusti
933 2062 1041 2123 baudi

65 2147 154 2220 procul
175 2151 280 2211 castris
298 2147 498 2209 Romanorum
520 2147 651 2209 aberant.
698 2146 741 2208 ibi
763 2146 870 2208 abditis
892 2147 1012 2206 armatis

12 2290 13 2293 ,
68 2244 146 2303 pecus
163 2233 194 2293 in
214 2239 377 2311 conspectu
397 2232 537 2312 praesidii
558 2231 697 2302 Romani,
726 2232 773 2291 cui
800 2235 938 2308 praeerat
958 2228 1010 2290 Cn.

65 2307 167 2377 ludus
187 2315 316 2396 legatus,
343 2314 526 2395 propulsum.
572 2315 608 2375 ad
631 2333 719 2395 quam
741 2309 922 2373 inlecebram
945 2320 1042 2373 cuma

65 2405 217 2461 moreretur
231 2416 322 2461 nemo
332 2398 370 2459 ab
381 2399 512 2461 Romana
527 2399 669 2474 statione,
687 2405 838 2478 pastorum
849 2412 927 2458 unus
942 2413 1012 2479 pro·

65 2491 168 2552 gressus
187 2483 242 2545 sub
262 2484 341 2563 ipsas
363 2484 541 2543 munitiones
560 2480 701 2542 inclamat
720 2480 806 2550 alios,
837 2487 1012 2540 cunctanter

67 2559 96 2620 ab
106 2569 194 2628 ruinis
205 2569 263 2628 vici
277 2585 368 2644 pecus
380 2564 594 2645 propellentes,
613 2564 683 2642 quid
695 2570 857 2632 cessarent,
875 2580 942 2622 cum
957 2580 1012 2641 per

65 2646 147 2709 media
159 2658 253 2712 castra
265 2650 395 2711 Romana
411 2657 473 2710 tuto
485 2664 573 2725 agere
585 2656 715 2726 possent.
744 2646 818 2705 haec
829 2663 897 2705 cum
912 2643 1036 2725 legator

66 2725 180 2794 Caerites
191 2735 310 2814 quidam
322 2735 601 2813 interpretarentur,
621 2737 651 2790 et
665 2730 827 2810 peremnis
845 2727 1011 2809 manipulos

65 2811 176 2877 inlitum
191 2818 356 2896 indignatio
367 2819 471 2895 ingens
484 2823 575 2886 esset,
588 2833 645 2876 nec
655 2821 755 2877 tamen
768 2815 882 2876 iniussu
897 2814 1011 2876 moveri

65 2895 207 2972 auderent,
222 2902 429 2981 iubet'peritos
443 2900 561 2978 linguae
571 2899 733 2962 adtendere
748 2899 894 2968 nmmum,
911 2904 1009 2975 pasto·

66 2991 123 3040 rum
135 3000 231 3046 sermo
246 2988 355 3064 agresti
369 3003 406 3045 an
417 2984 531 3045 urbano
554 2986 677 3064 propior
699 2991 786 3046 esset.
822 3001 890 3044 cum
913 2983 1054 3042 refer-10

65 3071 125 3123 rent
136 3083 238 3130 sonum
258 3069 375 3148 linguae
393 3076 593 3146 etcorporum
615 3068 748 3129 habitum
762 3075 792 3127 et
807 3067 934 3161 nitorem
948 3061 1010 3161 cul·

65 3143 131 3208 tiora
149 3169 235 3229 quam
260 3151 417 3232 pastoralia
438 3170 519 3212 esse:
547 3154 583 3222 „⁹
763 3151 877 3208 dicite“
904 3163 915 3205 r
989 3154 1009 3216 t,

67 3227 106 3295 „tl
314 3238 321 3251 ·

133 3339 138 3366 l
