<?xml version="1.0" encoding="UTF-8"?>
<!DOCTYPE html PUBLIC "-//W3C//DTD XHTML 1.0 Transitional//EN"
    "http://www.w3.org/TR/xhtml1/DTD/xhtml1-transitional.dtd">
<html xmlns="http://www.w3.org/1999/xhtml" xml:lang="en" lang="en">
 <head>
  <title>
</title>
<meta http-equiv="Content-Type" content="text/html;charset=utf-8" />
  <meta name='ocr-system' content='tesseract 3.04.00' />
  <meta name='ocr-capabilities' content='ocr_page ocr_carea ocr_par ocr_line ocrx_word'/>
</head>
<body>
  <div class='ocr_page' id='page_1' title='image "./aburbeconditali11livygoog_0035.png"; bbox 0 0 2396 3920; ppageno 0'>
   <div class='ocr_carea' id='block_1_1' title="bbox 152 193 995 279">
    <p class='ocr_par' dir='ltr' id='par_1_1' title="bbox 152 193 995 279">
     <span class='ocr_line' id='line_1_1' title="bbox 152 193 995 279; baseline -0.017 -14"><span class='ocrx_word' id='word_1_1' title='bbox 152 201 194 265; x_wconf 77' lang='lat'>26</span> <span class='ocrx_word' id='word_1_2' title='bbox 339 217 581 261; x_wconf 72' lang='lat' dir='ltr'>emarescere.</span> <span class='ocrx_word' id='word_1_3' title='bbox 598 206 642 260; x_wconf 78' lang='lat'>25.</span> <span class='ocrx_word' id='word_1_4' title='bbox 658 205 702 261; x_wconf 81' lang='lat'>26.</span> <span class='ocrx_word' id='word_1_5' title='bbox 718 196 757 279; x_wconf 84' lang='lat' dir='ltr'>[a.</span> <span class='ocrx_word' id='word_1_6' title='bbox 773 220 805 260; x_wconf 87' lang='lat' dir='ltr'>u.</span> <span class='ocrx_word' id='word_1_7' title='bbox 819 219 846 258; x_wconf 90' lang='lat' dir='ltr'>c.</span> <span class='ocrx_word' id='word_1_8' title='bbox 862 193 925 278; x_wconf 81' lang='grc'><strong>405]</strong></span> <span class='ocrx_word' id='word_1_9' title='bbox 991 243 995 252; x_wconf 93' lang='grc'>.</span> 
     </span>
    </p>
   </div>
   <div class='ocr_carea' id='block_1_2' title="bbox 109 360 1194 2269">
    <p class='ocr_par' dir='ltr' id='par_1_2' title="bbox 109 360 1194 2269">
     <span class='ocr_line' id='line_1_2' title="bbox 153 360 1113 445; baseline 0 -20"><span class='ocrx_word' id='word_1_10' title='bbox 153 382 277 444; x_wconf 87' lang='lat' dir='ltr'>sumque</span> <span class='ocrx_word' id='word_1_11' title='bbox 302 363 379 425; x_wconf 88' lang='lat' dir='ltr'>haud</span> <span class='ocrx_word' id='word_1_12' title='bbox 401 364 570 444; x_wconf 87' lang='lat' dir='ltr'>ambiguum</span> <span class='ocrx_word' id='word_1_13' title='bbox 594 363 808 445; x_wconf 75' lang='lat' dir='ltr'>imperantibus</span> <span class='ocrx_word' id='word_1_14' title='bbox 835 361 943 425; x_wconf 89' lang='lat' dir='ltr'>milites</span> <span class='ocrx_word' id='word_1_15' title='bbox 968 360 1113 425; x_wconf 76' lang='lat' dir='ltr'>Romania</span> 
     </span>
     <span class='ocr_line' id='line_1_3' title="bbox 154 445 1110 528; baseline -0.003 -20"><span class='ocrx_word' id='word_1_16' title='bbox 154 447 268 520; x_wconf 87' lang='lat' dir='ltr'>datum,</span> <span class='ocrx_word' id='word_1_17' title='bbox 284 445 461 510; x_wconf 85' lang='lat' dir='ltr'>absisterent</span> <span class='ocrx_word' id='word_1_18' title='bbox 474 451 620 528; x_wconf 84' lang='lat' dir='ltr'>imperare</span> <span class='ocrx_word' id='word_1_19' title='bbox 633 451 685 517; x_wconf 88' lang='lat' dir='ltr'>iis,</span> <span class='ocrx_word' id='word_1_20' title='bbox 707 465 832 528; x_wconf 90' lang='lat' dir='ltr'>quorum</span> <span class='ocrx_word' id='word_1_21' title='bbox 846 446 956 507; x_wconf 81' lang='lat' dir='ltr'>auxilio</span> <span class='ocrx_word' id='word_1_22' title='bbox 970 452 1110 523; x_wconf 78' lang='lat' dir='ltr'>egerent:</span> 
     </span>
     <span class='ocr_line' id='line_1_4' title="bbox 121 529 1112 612; baseline 0.002 -24"><span class='ocrx_word' id='word_1_23' title='bbox 121 536 138 588; x_wconf 82' lang='lat' dir='ltr'>b</span> <span class='ocrx_word' id='word_1_24' title='bbox 152 532 272 593; x_wconf 85' lang='lat' dir='ltr'>Latirms</span> <span class='ocrx_word' id='word_1_25' title='bbox 289 548 345 612; x_wconf 90' lang='lat' dir='ltr'>pro</span> <span class='ocrx_word' id='word_1_26' title='bbox 358 548 411 593; x_wconf 86' lang='lat' dir='ltr'>sua</span> <span class='ocrx_word' id='word_1_27' title='bbox 425 529 562 595; x_wconf 88' lang='lat' dir='ltr'>libertate</span> <span class='ocrx_word' id='word_1_28' title='bbox 580 533 779 612; x_wconf 84' lang='lat' dir='ltr'>potiusquam</span> <span class='ocrx_word' id='word_1_29' title='bbox 800 548 855 610; x_wconf 90' lang='lat' dir='ltr'>pro</span> <span class='ocrx_word' id='word_1_30' title='bbox 871 529 967 591; x_wconf 90' lang='lat' dir='ltr'>alieno</span> <span class='ocrx_word' id='word_1_31' title='bbox 981 529 1112 607; x_wconf 88' lang='lat' dir='ltr'>imperio</span> 
     </span>
     <span class='ocr_line' id='line_1_5' title="bbox 119 611 1113 689; baseline -0.004 -13"><span class='ocrx_word' id='word_1_32' title='bbox 119 621 134 669; x_wconf 83' lang='lat' dir='ltr'>t</span> <span class='ocrx_word' id='word_1_33' title='bbox 151 612 262 677; x_wconf 89' lang='lat' dir='ltr'>laturos</span> <span class='ocrx_word' id='word_1_34' title='bbox 283 633 373 676; x_wconf 90' lang='lat' dir='ltr'>arma.</span> <span class='ocrx_word' id='word_1_35' title='bbox 408 615 487 686; x_wconf 85' lang='lat' dir='ltr'>inter</span> <span class='ocrx_word' id='word_1_36' title='bbox 508 615 567 676; x_wconf 94' lang='lat' dir='ltr'>duo</span> <span class='ocrx_word' id='word_1_37' title='bbox 589 614 677 677; x_wconf 90' lang='lat' dir='ltr'>simul</span> <span class='ocrx_word' id='word_1_38' title='bbox 704 613 781 679; x_wconf 88' lang='lat' dir='ltr'>bella</span> <span class='ocrx_word' id='word_1_39' title='bbox 799 620 922 689; x_wconf 87' lang='lat' dir='ltr'>externa</span> <span class='ocrx_word' id='word_1_40' title='bbox 942 611 1113 675; x_wconf 76' lang='lat' dir='ltr'>defectivae</span> 
     </span>
     <span class='ocr_line' id='line_1_6' title="bbox 152 699 1111 765; baseline -0.003 -7"><span class='ocrx_word' id='word_1_41' title='bbox 152 700 239 760; x_wconf 86' lang='lat' dir='ltr'>etiam</span> <span class='ocrx_word' id='word_1_42' title='bbox 255 700 403 761; x_wconf 88' lang='lat' dir='ltr'>sociorum</span> <span class='ocrx_word' id='word_1_43' title='bbox 418 705 537 761; x_wconf 85' lang='lat' dir='ltr'>senatus</span> <span class='ocrx_word' id='word_1_44' title='bbox 546 699 649 761; x_wconf 84' lang='lat' dir='ltr'>anxius</span> <span class='ocrx_word' id='word_1_45' title='bbox 660 715 727 761; x_wconf 91' lang='lat' dir='ltr'>cum</span> <span class='ocrx_word' id='word_1_46' title='bbox 742 703 892 765; x_wconf 87' lang='lat' dir='ltr'>cerneret,</span> <span class='ocrx_word' id='word_1_47' title='bbox 907 702 988 757; x_wconf 90' lang='lat' dir='ltr'>metu</span> <span class='ocrx_word' id='word_1_48' title='bbox 1003 703 1111 756; x_wconf 88' lang='lat' dir='ltr'>tenen·</span> 
     </span>
     <span class='ocr_line' id='line_1_7' title="bbox 153 778 1113 862; baseline -0.001 -21"><span class='ocrx_word' id='word_1_49' title='bbox 153 780 221 853; x_wconf 85' lang='lat' dir='ltr'>dos,</span> <span class='ocrx_word' id='word_1_50' title='bbox 244 794 318 862; x_wconf 87' lang='lat' dir='ltr'>quos</span> <span class='ocrx_word' id='word_1_51' title='bbox 339 780 413 842; x_wconf 86' lang='lat' dir='ltr'>lidos</span> <span class='ocrx_word' id='word_1_52' title='bbox 435 799 495 842; x_wconf 93' lang='lat' dir='ltr'>non</span> <span class='ocrx_word' id='word_1_53' title='bbox 518 785 676 852; x_wconf 86' lang='lat' dir='ltr'>tenuisset,</span> <span class='ocrx_word' id='word_1_54' title='bbox 697 780 857 845; x_wconf 79' lang='lat' dir='ltr'>extendere</span> <span class='ocrx_word' id='word_1_55' title='bbox 871 796 975 845; x_wconf 82' lang='lat' dir='ltr'>omnes</span> <span class='ocrx_word' id='word_1_56' title='bbox 989 778 1113 858; x_wconf 85' lang='lat' dir='ltr'>imperii</span> 
     </span>
     <span class='ocr_line' id='line_1_8' title="bbox 154 861 1113 942; baseline 0.001 -18"><span class='ocrx_word' id='word_1_57' title='bbox 154 866 230 926; x_wconf 87' lang='lat' dir='ltr'>vires</span> <span class='ocrx_word' id='word_1_58' title='bbox 246 862 384 927; x_wconf 83' lang='lat' dir='ltr'>consules</span> <span class='ocrx_word' id='word_1_59' title='bbox 398 863 508 927; x_wconf 85' lang='lat' dir='ltr'>dilectu</span> <span class='ocrx_word' id='word_1_60' title='bbox 528 864 665 929; x_wconf 85' lang='lat' dir='ltr'>babendo</span> <span class='ocrx_word' id='word_1_61' title='bbox 686 864 786 926; x_wconf 79' lang='lat' dir='ltr'>iussit:</span> <span class='ocrx_word' id='word_1_62' title='bbox 809 861 886 924; x_wconf 83' lang='lat' dir='ltr'>cirili</span> <span class='ocrx_word' id='word_1_63' title='bbox 902 863 1012 942; x_wconf 77' lang='lat' dir='ltr'>quippe</span> <span class='ocrx_word' id='word_1_64' title='bbox 1027 869 1113 925; x_wconf 90' lang='lat' dir='ltr'>stan·</span> 
     </span>
     <span class='ocr_line' id='line_1_9' title="bbox 154 944 1110 1027; baseline -0.002 -20"><span class='ocrx_word' id='word_1_65' title='bbox 154 947 224 1008; x_wconf 90' lang='lat' dir='ltr'>dum</span> <span class='ocrx_word' id='word_1_66' title='bbox 252 949 384 1011; x_wconf 78' lang='lat' dir='ltr'>exercitu</span> <span class='ocrx_word' id='word_1_67' title='bbox 410 965 489 1018; x_wconf 84' lang='lat' dir='ltr'>esee,</span> <span class='ocrx_word' id='word_1_68' title='bbox 525 948 642 1027; x_wconf 88' lang='lat' dir='ltr'>quando</span> <span class='ocrx_word' id='word_1_69' title='bbox 674 946 790 1015; x_wconf 85' lang='lat' dir='ltr'>socialis</span> <span class='ocrx_word' id='word_1_70' title='bbox 811 953 912 1007; x_wconf 85' lang='lat' dir='ltr'>coetus</span> <span class='ocrx_word' id='word_1_71' title='bbox 946 944 1110 1007; x_wconf 87' lang='lat' dir='ltr'>desereret.</span> 
     </span>
     <span class='ocr_line' id='line_1_10' title="bbox 120 1029 1194 1110; baseline 0.004 -23"><span class='ocrx_word' id='word_1_72' title='bbox 120 1031 296 1110; x_wconf 74' lang='lat' dir='ltr'>condique,</span> <span class='ocrx_word' id='word_1_73' title='bbox 311 1047 371 1091; x_wconf 92' lang='lat' dir='ltr'>non</span> <span class='ocrx_word' id='word_1_74' title='bbox 385 1029 498 1093; x_wconf 79' lang='lat' dir='ltr'>urbana</span> <span class='ocrx_word' id='word_1_75' title='bbox 513 1037 641 1101; x_wconf 86' lang='lat' dir='ltr'>tantum,</span> <span class='ocrx_word' id='word_1_76' title='bbox 656 1030 808 1095; x_wconf 75' lang='lat' dir='ltr'>sedetiam</span> <span class='ocrx_word' id='word_1_77' title='bbox 826 1029 935 1106; x_wconf 81' lang='lat' dir='ltr'>agresti</span> <span class='ocrx_word' id='word_1_78' title='bbox 948 1029 1110 1099; x_wconf 82' lang='lat' dir='ltr'>iuventute,</span> <span class='ocrx_word' id='word_1_79' title='bbox 1192 1048 1194 1077; x_wconf 69' lang='lat'>³</span> 
     </span>
     <span class='ocr_line' id='line_1_11' title="bbox 152 1111 1113 1193; baseline 0 -20"><span class='ocrx_word' id='word_1_80' title='bbox 152 1114 255 1174; x_wconf 88' lang='lat' dir='ltr'>decem</span> <span class='ocrx_word' id='word_1_81' title='bbox 272 1112 407 1191; x_wconf 75' lang='lat' dir='ltr'>legiones</span> <span class='ocrx_word' id='word_1_82' title='bbox 424 1113 551 1193; x_wconf 79' lang='lat' dir='ltr'>scriptae</span> <span class='ocrx_word' id='word_1_83' title='bbox 579 1114 716 1183; x_wconf 81' lang='lat' dir='ltr'>dicuntur</span> <span class='ocrx_word' id='word_1_84' title='bbox 742 1121 914 1193; x_wconf 73' lang='lat' dir='ltr'>quatmnum</span> <span class='ocrx_word' id='word_1_85' title='bbox 941 1111 1056 1175; x_wconf 86' lang='lat' dir='ltr'>milium</span> <span class='ocrx_word' id='word_1_86' title='bbox 1079 1121 1113 1173; x_wconf 91' lang='lat' dir='ltr'>et</span> 
     </span>
     <span class='ocr_line' id='line_1_12' title="bbox 119 1194 1112 1276; baseline 0.002 -22"><span class='ocrx_word' id='word_1_87' title='bbox 119 1203 138 1254; x_wconf 84' lang='lat'>9</span> <span class='ocrx_word' id='word_1_88' title='bbox 152 1196 335 1258; x_wconf 86' lang='lat' dir='ltr'>ducenorum</span> <span class='ocrx_word' id='word_1_89' title='bbox 348 1194 479 1275; x_wconf 89' lang='lat' dir='ltr'>peditum</span> <span class='ocrx_word' id='word_1_90' title='bbox 495 1199 684 1276; x_wconf 88' lang='lat' dir='ltr'>equitumque</span> <span class='ocrx_word' id='word_1_91' title='bbox 698 1202 901 1266; x_wconf 77' lang='lat' dir='ltr'>trecenorum,</span> <span class='ocrx_word' id='word_1_92' title='bbox 925 1212 1013 1274; x_wconf 85' lang='lat' dir='ltr'>quem</span> <span class='ocrx_word' id='word_1_93' title='bbox 1028 1213 1112 1256; x_wconf 91' lang='lat' dir='ltr'>nunc</span> 
     </span>
     <span class='ocr_line' id='line_1_13' title="bbox 151 1277 1111 1359; baseline 0.001 -21"><span class='ocrx_word' id='word_1_94' title='bbox 151 1294 259 1340; x_wconf 89' lang='lat' dir='ltr'>novum</span> <span class='ocrx_word' id='word_1_95' title='bbox 286 1279 464 1350; x_wconf 85' lang='lat' dir='ltr'>exercitum,</span> <span class='ocrx_word' id='word_1_96' title='bbox 486 1280 512 1343; x_wconf 87' lang='lat' dir='ltr'>si</span> <span class='ocrx_word' id='word_1_97' title='bbox 533 1299 590 1359; x_wconf 85' lang='lat' dir='ltr'>qna</span> <span class='ocrx_word' id='word_1_98' title='bbox 603 1288 725 1343; x_wconf 85' lang='lat' dir='ltr'>externa</span> <span class='ocrx_word' id='word_1_99' title='bbox 741 1280 785 1339; x_wconf 87' lang='lat' dir='ltr'>vis</span> <span class='ocrx_word' id='word_1_100' title='bbox 806 1280 938 1356; x_wconf 90' lang='lat' dir='ltr'>ingruat,</span> <span class='ocrx_word' id='word_1_101' title='bbox 960 1277 1016 1340; x_wconf 90' lang='lat' dir='ltr'>hae</span> <span class='ocrx_word' id='word_1_102' title='bbox 1030 1280 1111 1339; x_wconf 86' lang='lat' dir='ltr'>vires</span> 
     </span>
     <span class='ocr_line' id='line_1_14' title="bbox 150 1361 1111 1442; baseline 0.001 -20"><span class='ocrx_word' id='word_1_103' title='bbox 150 1361 252 1441; x_wconf 91' lang='lat' dir='ltr'>populi</span> <span class='ocrx_word' id='word_1_104' title='bbox 269 1361 409 1432; x_wconf 83' lang='lat' dir='ltr'>Romani,</span> <span class='ocrx_word' id='word_1_105' title='bbox 427 1380 500 1442; x_wconf 87' lang='lat' dir='ltr'>quas</span> <span class='ocrx_word' id='word_1_106' title='bbox 515 1364 564 1424; x_wconf 81' lang='lat' dir='ltr'>uix</span> <span class='ocrx_word' id='word_1_107' title='bbox 577 1371 723 1429; x_wconf 85' lang='lat' dir='ltr'>terrarum</span> <span class='ocrx_word' id='word_1_108' title='bbox 736 1362 814 1441; x_wconf 88' lang='lat' dir='ltr'>capit</span> <span class='ocrx_word' id='word_1_109' title='bbox 827 1361 923 1431; x_wconf 88' lang='lat' dir='ltr'>orbis,</span> <span class='ocrx_word' id='word_1_110' title='bbox 940 1368 1111 1424; x_wconf 84' lang='lat' dir='ltr'>contractae</span> 
     </span>
     <span class='ocr_line' id='line_1_15' title="bbox 151 1444 1110 1528; baseline 0 -23"><span class='ocrx_word' id='word_1_111' title='bbox 151 1447 284 1507; x_wconf 86' lang='lat' dir='ltr'>inunum</span> <span class='ocrx_word' id='word_1_112' title='bbox 297 1444 476 1528; x_wconf 85' lang='lat' dir='ltr'>baudiaoile</span> <span class='ocrx_word' id='word_1_113' title='bbox 491 1446 632 1513; x_wconf 83' lang='lat' dir='ltr'>efficiant:</span> <span class='ocrx_word' id='word_1_114' title='bbox 648 1445 721 1507; x_wconf 90' lang='lat' dir='ltr'>adeo</span> <span class='ocrx_word' id='word_1_115' title='bbox 736 1446 768 1506; x_wconf 89' lang='lat' dir='ltr'>ln</span> <span class='ocrx_word' id='word_1_116' title='bbox 780 1444 1030 1525; x_wconf 83' lang='lat' dir='ltr'>quaeleboremus</span> <span class='ocrx_word' id='word_1_117' title='bbox 1043 1444 1110 1506; x_wconf 89' lang='lat' dir='ltr'>sola</span> 
     </span>
     <span class='ocr_line' id='line_1_16' title="bbox 153 1527 675 1609; baseline 0.006 -22"><span class='ocrx_word' id='word_1_118' title='bbox 153 1531 313 1599; x_wconf 78' lang='lat' dir='ltr'>crevimus,</span> <span class='ocrx_word' id='word_1_119' title='bbox 330 1528 446 1593; x_wconf 81' lang='lat' dir='ltr'>divitias</span> <span class='ocrx_word' id='word_1_120' title='bbox 461 1527 675 1609; x_wconf 83' lang='lat' dir='ltr'>luxuriemque.</span> 
     </span>
     <span class='ocr_line' id='line_1_17' title="bbox 110 1609 1111 1689; baseline 0.003 -21"><span class='ocrx_word' id='word_1_121' title='bbox 110 1617 143 1669; x_wconf 90' lang='lat'>10</span> <span class='ocrx_word' id='word_1_122' title='bbox 213 1612 294 1673; x_wconf 87' lang='lat' dir='ltr'>later</span> <span class='ocrx_word' id='word_1_123' title='bbox 309 1619 407 1675; x_wconf 88' lang='lat' dir='ltr'>cetera</span> <span class='ocrx_word' id='word_1_124' title='bbox 423 1614 517 1674; x_wconf 86' lang='lat' dir='ltr'>tristia</span> <span class='ocrx_word' id='word_1_125' title='bbox 537 1615 601 1677; x_wconf 84' lang='lat' dir='ltr'>eius</span> <span class='ocrx_word' id='word_1_126' title='bbox 614 1612 684 1673; x_wconf 89' lang='lat' dir='ltr'>anni</span> <span class='ocrx_word' id='word_1_127' title='bbox 697 1610 802 1677; x_wconf 81' lang='lat' dir='ltr'>consul</span> <span class='ocrx_word' id='word_1_128' title='bbox 816 1609 891 1673; x_wconf 87' lang='lat' dir='ltr'>alter</span> <span class='ocrx_word' id='word_1_129' title='bbox 903 1610 957 1689; x_wconf 79' lang='lat' dir='ltr'>dp.</span> <span class='ocrx_word' id='word_1_130' title='bbox 970 1610 1111 1673; x_wconf 82' lang='lat' dir='ltr'>Claudius</span> 
     </span>
     <span class='ocr_line' id='line_1_18' title="bbox 150 1693 1108 1774; baseline 0.006 -21"><span class='ocrx_word' id='word_1_131' title='bbox 150 1695 258 1773; x_wconf 89' lang='lat' dir='ltr'>inipso</span> <span class='ocrx_word' id='word_1_132' title='bbox 272 1693 343 1754; x_wconf 84' lang='lat' dir='ltr'>beli</span> <span class='ocrx_word' id='word_1_133' title='bbox 357 1702 499 1774; x_wconf 85' lang='lat' dir='ltr'>apparatu</span> <span class='ocrx_word' id='word_1_134' title='bbox 513 1697 655 1762; x_wconf 74' lang='lat' dir='ltr'>moriturr</span> <span class='ocrx_word' id='word_1_135' title='bbox 674 1694 881 1772; x_wconf 80' lang='lat' dir='ltr'>redierantque</span> <span class='ocrx_word' id='word_1_136' title='bbox 890 1711 941 1754; x_wconf 88' lang='lat' dir='ltr'>res</span> <span class='ocrx_word' id='word_1_137' title='bbox 950 1695 987 1755; x_wconf 89' lang='lat' dir='ltr'>ad</span> <span class='ocrx_word' id='word_1_138' title='bbox 999 1694 1108 1759; x_wconf 80' lang='lat' dir='ltr'>camn-</span> 
     </span>
     <span class='ocr_line' id='line_1_19' title="bbox 109 1775 1110 1855; baseline 0.008 -24"><span class='ocrx_word' id='word_1_139' title='bbox 109 1782 140 1831; x_wconf 81' lang='lat'>⁸1</span> <span class='ocrx_word' id='word_1_140' title='bbox 152 1775 232 1845; x_wconf 90' lang='lat' dir='ltr'>lum,</span> <span class='ocrx_word' id='word_1_141' title='bbox 260 1777 308 1837; x_wconf 89' lang='lat' dir='ltr'>eni</span> <span class='ocrx_word' id='word_1_142' title='bbox 329 1778 418 1839; x_wconf 87' lang='lat' dir='ltr'>unico</span> <span class='ocrx_word' id='word_1_143' title='bbox 440 1776 554 1837; x_wconf 88' lang='lat' dir='ltr'>consuli</span> <span class='ocrx_word' id='word_1_144' title='bbox 574 1777 619 1837; x_wconf 88' lang='lat' dir='ltr'>vel</span> <span class='ocrx_word' id='word_1_145' title='bbox 642 1775 680 1836; x_wconf 91' lang='lat' dir='ltr'>ob</span> <span class='ocrx_word' id='word_1_146' title='bbox 700 1775 785 1843; x_wconf 76' lang='lat' dir='ltr'>auem</span> <span class='ocrx_word' id='word_1_147' title='bbox 806 1777 1006 1855; x_wconf 77' lang='lat' dir='ltr'>dignationem</span> <span class='ocrx_word' id='word_1_148' title='bbox 1026 1776 1110 1841; x_wconf 78' lang='lat' dir='ltr'>harad</span> 
     </span>
     <span class='ocr_line' id='line_1_20' title="bbox 151 1857 1110 1929; baseline 0.007 -11"><span class='ocrx_word' id='word_1_149' title='bbox 151 1857 352 1921; x_wconf 81' lang='lat' dir='ltr'>subiciendam</span> <span class='ocrx_word' id='word_1_150' title='bbox 366 1858 526 1921; x_wconf 85' lang='lat' dir='ltr'>dictaturae</span> <span class='ocrx_word' id='word_1_151' title='bbox 541 1858 586 1921; x_wconf 82' lang='lat' dir='ltr'>vel</span> <span class='ocrx_word' id='word_1_152' title='bbox 601 1858 639 1919; x_wconf 93' lang='lat' dir='ltr'>ob</span> <span class='ocrx_word' id='word_1_153' title='bbox 658 1876 744 1921; x_wconf 89' lang='lat' dir='ltr'>omen</span> <span class='ocrx_word' id='word_1_154' title='bbox 765 1860 892 1929; x_wconf 65' lang='lat' dir='ltr'>laudum</span> <span class='ocrx_word' id='word_1_155' title='bbox 907 1860 942 1925; x_wconf 83' lang='lat' dir='ltr'>ad</span> <span class='ocrx_word' id='word_1_156' title='bbox 964 1858 1110 1925; x_wconf 81' lang='lat' dir='ltr'>Gallicum</span> 
     </span>
     <span class='ocr_line' id='line_1_21' title="bbox 150 1940 1110 2021; baseline 0.003 -19"><span class='ocrx_word' id='word_1_157' title='bbox 150 1940 307 2003; x_wconf 90' lang='lat' dir='ltr'>tumultum</span> <span class='ocrx_word' id='word_1_158' title='bbox 324 1943 507 2019; x_wconf 76' lang='lat' dir='ltr'>cognominis</span> <span class='ocrx_word' id='word_1_159' title='bbox 525 1942 697 2005; x_wconf 89' lang='lat' dir='ltr'>dictatorem</span> <span class='ocrx_word' id='word_1_160' title='bbox 714 1941 860 2021; x_wconf 79' lang='lat' dir='ltr'>adrogari</span> <span class='ocrx_word' id='word_1_161' title='bbox 870 1942 949 2009; x_wconf 85' lang='lat' dir='ltr'>baud</span> <span class='ocrx_word' id='word_1_162' title='bbox 969 1944 1040 2005; x_wconf 86' lang='lat' dir='ltr'>satis</span> <span class='ocrx_word' id='word_1_163' title='bbox 1055 1944 1110 2005; x_wconf 92' lang='lat' dir='ltr'>de·</span> 
     </span>
     <span class='ocr_line' id='line_1_22' title="bbox 112 2024 1112 2104; baseline 0.007 -24"><span class='ocrx_word' id='word_1_164' title='bbox 112 2031 255 2085; x_wconf 65' lang='lat' dir='ltr'>⁴ternum</span> <span class='ocrx_word' id='word_1_165' title='bbox 270 2026 363 2085; x_wconf 72' lang='lat' dir='ltr'>usum</span> <span class='ocrx_word' id='word_1_166' title='bbox 378 2032 424 2087; x_wconf 88' lang='lat' dir='ltr'>est</span> <span class='ocrx_word' id='word_1_167' title='bbox 435 2025 578 2104; x_wconf 67' lang='lat' dir='ltr'>patribus,</span> <span class='ocrx_word' id='word_1_168' title='bbox 608 2025 712 2087; x_wconf 86' lang='lat' dir='ltr'>consul</span> <span class='ocrx_word' id='word_1_169' title='bbox 724 2025 837 2088; x_wconf 86' lang='lat' dir='ltr'>duabus</span> <span class='ocrx_word' id='word_1_170' title='bbox 859 2024 1025 2104; x_wconf 89' lang='lat' dir='ltr'>legionibus</span> <span class='ocrx_word' id='word_1_171' title='bbox 1039 2026 1112 2088; x_wconf 90' lang='lat' dir='ltr'>urbi</span> 
     </span>
     <span class='ocr_line' id='line_1_23' title="bbox 150 2108 1111 2188; baseline 0.004 -21"><span class='ocrx_word' id='word_1_172' title='bbox 150 2108 339 2187; x_wconf 87' lang='lat' dir='ltr'>praepositis,</span> <span class='ocrx_word' id='word_1_173' title='bbox 362 2115 429 2167; x_wconf 87' lang='lat' dir='ltr'>octo</span> <span class='ocrx_word' id='word_1_174' title='bbox 446 2126 512 2169; x_wconf 91' lang='lat' dir='ltr'>cnm</span> <span class='ocrx_word' id='word_1_175' title='bbox 527 2109 560 2173; x_wconf 87' lang='lat' dir='ltr'>L.</span> <span class='ocrx_word' id='word_1_176' title='bbox 575 2109 694 2169; x_wconf 90' lang='lat' dir='ltr'>Pinario</span> <span class='ocrx_word' id='word_1_177' title='bbox 714 2117 852 2188; x_wconf 85' lang='lat' dir='ltr'>praetore</span> <span class='ocrx_word' id='word_1_178' title='bbox 874 2109 972 2171; x_wconf 82' lang='lat' dir='ltr'>divisis</span> <span class='ocrx_word' id='word_1_179' title='bbox 991 2128 1111 2171; x_wconf 92' lang='lat' dir='ltr'>memor</span> 
     </span>
     <span class='ocr_line' id='line_1_24' title="bbox 149 2189 1109 2269; baseline 0.004 -18"><span class='ocrx_word' id='word_1_180' title='bbox 149 2199 290 2269; x_wconf 85' lang='lat' dir='ltr'>paternae</span> <span class='ocrx_word' id='word_1_181' title='bbox 304 2191 419 2252; x_wconf 74' lang='lat' dir='ltr'>virtutm</span> <span class='ocrx_word' id='word_1_182' title='bbox 434 2189 576 2252; x_wconf 85' lang='lat' dir='ltr'>Gallicum</span> <span class='ocrx_word' id='word_1_183' title='bbox 590 2191 647 2252; x_wconf 89' lang='lat' dir='ltr'>sibi</span> <span class='ocrx_word' id='word_1_184' title='bbox 661 2190 772 2263; x_wconf 89' lang='lat' dir='ltr'>bellum</span> <span class='ocrx_word' id='word_1_185' title='bbox 782 2200 866 2253; x_wconf 85' lang='lat' dir='ltr'>extra</span> <span class='ocrx_word' id='word_1_186' title='bbox 882 2202 993 2255; x_wconf 90' lang='lat' dir='ltr'>sortem</span> <span class='ocrx_word' id='word_1_187' title='bbox 1007 2196 1109 2265; x_wconf 84' lang='lat' dir='ltr'>sumit,</span> 
     </span>
    </p>
   </div>
   <div class='ocr_carea' id='block_1_3' title="bbox 107 2274 1197 2354">
    <p class='ocr_par' dir='ltr' id='par_1_3' title="bbox 107 2274 1197 2354">
     <span class='ocr_line' id='line_1_25' title="bbox 107 2274 1197 2354; baseline 0.011 -25"><span class='ocrx_word' id='word_1_188' title='bbox 107 2277 140 2329; x_wconf 84' lang='lat'>13</span> <span class='ocrx_word' id='word_1_189' title='bbox 151 2281 319 2353; x_wconf 86' lang='lat' dir='ltr'>praetorem</span> <span class='ocrx_word' id='word_1_190' title='bbox 331 2274 508 2339; x_wconf 87' lang='lat' dir='ltr'>maritimam</span> <span class='ocrx_word' id='word_1_191' title='bbox 521 2292 602 2339; x_wconf 85' lang='lat' dir='ltr'>oram</span> <span class='ocrx_word' id='word_1_192' title='bbox 617 2275 707 2336; x_wconf 90' lang='lat' dir='ltr'>tutari</span> <span class='ocrx_word' id='word_1_193' title='bbox 722 2275 908 2354; x_wconf 86' lang='lat' dir='ltr'>Graecosque</span> <span class='ocrx_word' id='word_1_194' title='bbox 923 2293 1025 2337; x_wconf 90' lang='lat' dir='ltr'>arcere</span> <span class='ocrx_word' id='word_1_195' title='bbox 1039 2276 1109 2338; x_wconf 84' lang='lat' dir='ltr'>lito·</span> <span class='ocrx_word' id='word_1_196' title='bbox 1135 2276 1140 2284; x_wconf 73' lang='grc'>“</span> <span class='ocrx_word' id='word_1_197' title='bbox 1196 2282 1197 2341; x_wconf 83' lang='lat' dir='ltr'>J</span> 
     </span>
    </p>
   </div>
   <div class='ocr_carea' id='block_1_4' title="bbox 110 2355 1111 3518">
    <p class='ocr_par' dir='ltr' id='par_1_4' title="bbox 110 2355 1111 3518">
     <span class='ocr_line' id='line_1_26' title="bbox 149 2355 1109 2437; baseline 0.007 -23"><span class='ocrx_word' id='word_1_198' title='bbox 149 2355 232 2417; x_wconf 88' lang='lat' dir='ltr'>ribus</span> <span class='ocrx_word' id='word_1_199' title='bbox 244 2357 337 2418; x_wconf 85' lang='lat' dir='ltr'>iussit.</span> <span class='ocrx_word' id='word_1_200' title='bbox 368 2364 398 2418; x_wconf 91' lang='lat' dir='ltr'>et</span> <span class='ocrx_word' id='word_1_201' title='bbox 419 2375 486 2422; x_wconf 91' lang='lat' dir='ltr'>cum</span> <span class='ocrx_word' id='word_1_202' title='bbox 507 2359 539 2417; x_wconf 92' lang='lat' dir='ltr'>in</span> <span class='ocrx_word' id='word_1_203' title='bbox 558 2375 661 2436; x_wconf 89' lang='lat' dir='ltr'>agrum</span> <span class='ocrx_word' id='word_1_204' title='bbox 681 2357 869 2437; x_wconf 89' lang='lat' dir='ltr'>Pomptinum</span> <span class='ocrx_word' id='word_1_205' title='bbox 895 2358 1109 2430; x_wconf 87' lang='lat' dir='ltr'>descendisset,</span> 
     </span>
     <span class='ocr_line' id='line_1_27' title="bbox 149 2439 1111 2519; baseline 0.005 -20"><span class='ocrx_word' id='word_1_206' title='bbox 149 2439 217 2519; x_wconf 89' lang='lat' dir='ltr'>quia</span> <span class='ocrx_word' id='word_1_207' title='bbox 241 2456 338 2519; x_wconf 88' lang='lat' dir='ltr'>neque</span> <span class='ocrx_word' id='word_1_208' title='bbox 358 2441 390 2500; x_wconf 88' lang='lat' dir='ltr'>iu</span> <span class='ocrx_word' id='word_1_209' title='bbox 410 2442 522 2519; x_wconf 87' lang='lat' dir='ltr'>campis</span> <span class='ocrx_word' id='word_1_210' title='bbox 537 2441 677 2519; x_wconf 89' lang='lat' dir='ltr'>congredi</span> <span class='ocrx_word' id='word_1_211' title='bbox 698 2439 777 2502; x_wconf 91' lang='lat' dir='ltr'>nulla</span> <span class='ocrx_word' id='word_1_212' title='bbox 798 2448 923 2518; x_wconf 88' lang='lat' dir='ltr'>cogente</span> <span class='ocrx_word' id='word_1_213' title='bbox 940 2459 975 2502; x_wconf 91' lang='lat' dir='ltr'>re</span> <span class='ocrx_word' id='word_1_214' title='bbox 989 2442 1111 2505; x_wconf 85' lang='lat' dir='ltr'>volebat</span> 
     </span>
     <span class='ocr_line' id='line_1_28' title="bbox 150 2522 1109 2604; baseline 0.004 -22"><span class='ocrx_word' id='word_1_215' title='bbox 150 2530 180 2582; x_wconf 89' lang='lat' dir='ltr'>et</span> <span class='ocrx_word' id='word_1_216' title='bbox 193 2522 380 2602; x_wconf 87' lang='lat' dir='ltr'>prohibendo</span> <span class='ocrx_word' id='word_1_217' title='bbox 394 2523 644 2603; x_wconf 80' lang='lat' dir='ltr'>populationibus,</span> <span class='ocrx_word' id='word_1_218' title='bbox 665 2542 741 2604; x_wconf 86' lang='lat' dir='ltr'>quos</span> <span class='ocrx_word' id='word_1_219' title='bbox 760 2531 845 2604; x_wconf 88' lang='lat' dir='ltr'>rapto</span> <span class='ocrx_word' id='word_1_220' title='bbox 863 2525 959 2589; x_wconf 75' lang='lat' dir='ltr'>virere</span> <span class='ocrx_word' id='word_1_221' title='bbox 976 2528 1109 2586; x_wconf 88' lang='lat' dir='ltr'>necessi·</span> 
     </span>
     <span class='ocr_line' id='line_1_29' title="bbox 149 2605 1108 2686; baseline 0.003 -18"><span class='ocrx_word' id='word_1_222' title='bbox 149 2616 194 2668; x_wconf 88' lang='lat' dir='ltr'>tas</span> <span class='ocrx_word' id='word_1_223' title='bbox 208 2614 337 2686; x_wconf 87' lang='lat' dir='ltr'>cogeret,</span> <span class='ocrx_word' id='word_1_224' title='bbox 352 2609 422 2669; x_wconf 88' lang='lat' dir='ltr'>satis</span> <span class='ocrx_word' id='word_1_225' title='bbox 435 2607 549 2671; x_wconf 89' lang='lat' dir='ltr'>domari</span> <span class='ocrx_word' id='word_1_226' title='bbox 563 2606 705 2669; x_wconf 84' lang='lat' dir='ltr'>credebat</span> <span class='ocrx_word' id='word_1_227' title='bbox 715 2607 839 2677; x_wconf 86' lang='lat' dir='ltr'>hostem,</span> <span class='ocrx_word' id='word_1_228' title='bbox 855 2605 953 2669; x_wconf 91' lang='lat' dir='ltr'>locum</span> <span class='ocrx_word' id='word_1_229' title='bbox 965 2609 1108 2671; x_wconf 89' lang='lat' dir='ltr'>idoneum</span> 
     </span>
     <span class='ocr_line' id='line_1_30' title="bbox 149 2689 392 2765; baseline 0.021 -19"><span class='ocrx_word' id='word_1_230' title='bbox 149 2690 260 2750; x_wconf 86' lang='lat' dir='ltr'>stativis</span> <span class='ocrx_word' id='word_1_231' title='bbox 275 2689 392 2765; x_wconf 86' lang='lat' dir='ltr'>delegit.</span> 
     </span>
     <span class='ocr_line' id='line_1_31' title="bbox 117 2771 1108 2854; baseline 0.011 -29"><span class='ocrx_word' id='word_1_232' title='bbox 117 2776 131 2825; x_wconf 83' lang='lat' dir='ltr'>t</span> <span class='ocrx_word' id='word_1_233' title='bbox 210 2771 309 2848; x_wconf 78' lang='lat' dir='ltr'>xxvi.</span> <span class='ocrx_word' id='word_1_234' title='bbox 335 2771 391 2832; x_wconf 88' lang='lat' dir='ltr'>Ubi</span> <span class='ocrx_word' id='word_1_235' title='bbox 411 2790 479 2834; x_wconf 90' lang='lat' dir='ltr'>curn</span> <span class='ocrx_word' id='word_1_236' title='bbox 504 2772 678 2834; x_wconf 89' lang='lat' dir='ltr'>stationibus</span> <span class='ocrx_word' id='word_1_237' title='bbox 703 2774 794 2853; x_wconf 88' lang='lat' dir='ltr'>quieti</span> <span class='ocrx_word' id='word_1_238' title='bbox 824 2781 939 2854; x_wconf 89' lang='lat' dir='ltr'>tempus</span> <span class='ocrx_word' id='word_1_239' title='bbox 963 2781 1108 2845; x_wconf 88' lang='lat' dir='ltr'>tererent,</span> 
     </span>
     <span class='ocr_line' id='line_1_32' title="bbox 116 2850 1109 2937; baseline 0.012 -28"><span class='ocrx_word' id='word_1_240' title='bbox 116 2884 123 2909; x_wconf 57' lang='lat' dir='ltr'>a</span> <span class='ocrx_word' id='word_1_241' title='bbox 148 2850 1109 2937; x_wconf 80' lang='lat' dir='ltr'>Gallusproeessitmagnitudineatquearmisinsignis,quatiens-</span> 
     </span>
     <span class='ocr_line' id='line_1_33' title="bbox 147 2937 1109 3020; baseline 0.007 -24"><span class='ocrx_word' id='word_1_242' title='bbox 147 2954 204 3015; x_wconf 89' lang='lat' dir='ltr'>que</span> <span class='ocrx_word' id='word_1_243' title='bbox 220 2945 335 2998; x_wconf 91' lang='lat' dir='ltr'>scutum</span> <span class='ocrx_word' id='word_1_244' title='bbox 352 2938 438 2999; x_wconf 90' lang='lat' dir='ltr'>hasta</span> <span class='ocrx_word' id='word_1_245' title='bbox 448 2956 517 3001; x_wconf 78' lang='lat' dir='ltr'>cerm</span> <span class='ocrx_word' id='word_1_246' title='bbox 531 2937 678 3000; x_wconf 90' lang='lat' dir='ltr'>silentium</span> <span class='ocrx_word' id='word_1_247' title='bbox 691 2940 824 3010; x_wconf 86' lang='lat' dir='ltr'>iecisset,</span> <span class='ocrx_word' id='word_1_248' title='bbox 840 2949 980 3020; x_wconf 87' lang='lat' dir='ltr'>provocat</span> <span class='ocrx_word' id='word_1_249' title='bbox 990 2959 1047 3020; x_wconf 91' lang='lat' dir='ltr'>per</span> <span class='ocrx_word' id='word_1_250' title='bbox 1060 2944 1109 3003; x_wconf 92' lang='lat' dir='ltr'>in·</span> 
     </span>
     <span class='ocr_line' id='line_1_34' title="bbox 118 3022 1105 3102; baseline 0.007 -23"><span class='ocrx_word' id='word_1_251' title='bbox 118 3072 125 3102; x_wconf 43' lang='lat'>2</span> <span class='ocrx_word' id='word_1_252' title='bbox 146 3027 309 3099; x_wconf 88' lang='lat' dir='ltr'>terpretem</span> <span class='ocrx_word' id='word_1_253' title='bbox 323 3038 417 3082; x_wconf 90' lang='lat' dir='ltr'>uuum</span> <span class='ocrx_word' id='word_1_254' title='bbox 431 3040 467 3082; x_wconf 84' lang='lat' dir='ltr'>ex</span> <span class='ocrx_word' id='word_1_255' title='bbox 483 3022 639 3092; x_wconf 87' lang='lat' dir='ltr'>Romanis,</span> <span class='ocrx_word' id='word_1_256' title='bbox 660 3023 712 3100; x_wconf 82' lang='lat' dir='ltr'>qui</span> <span class='ocrx_word' id='word_1_257' title='bbox 730 3041 831 3085; x_wconf 84' lang='lat' dir='ltr'>secum</span> <span class='ocrx_word' id='word_1_258' title='bbox 851 3023 931 3083; x_wconf 88' lang='lat' dir='ltr'>ierro</span> <span class='ocrx_word' id='word_1_259' title='bbox 952 3023 1105 3087; x_wconf 83' lang='lat' dir='ltr'>decernat.</span> 
     </span>
     <span class='ocr_line' id='line_1_35' title="bbox 115 3102 1109 3185; baseline 0.004 -21"><span class='ocrx_word' id='word_1_260' title='bbox 115 3102 185 3181; x_wconf 70' lang='lat' dir='ltr'>,²M·</span> <span class='ocrx_word' id='word_1_261' title='bbox 201 3111 266 3165; x_wconf 86' lang='lat' dir='ltr'>erat</span> <span class='ocrx_word' id='word_1_262' title='bbox 275 3102 407 3167; x_wconf 88' lang='lat' dir='ltr'>Valerius</span> <span class='ocrx_word' id='word_1_263' title='bbox 417 3104 552 3167; x_wconf 90' lang='lat' dir='ltr'>tribunus</span> <span class='ocrx_word' id='word_1_264' title='bbox 562 3105 687 3166; x_wconf 87' lang='lat' dir='ltr'>militum</span> <span class='ocrx_word' id='word_1_265' title='bbox 701 3104 888 3173; x_wconf 90' lang='lat' dir='ltr'>adulescens,</span> <span class='ocrx_word' id='word_1_266' title='bbox 903 3107 954 3185; x_wconf 84' lang='lat' dir='ltr'>qui</span> <span class='ocrx_word' id='word_1_267' title='bbox 964 3102 1045 3167; x_wconf 85' lang='lat' dir='ltr'>hand</span> <span class='ocrx_word' id='word_1_268' title='bbox 1060 3110 1109 3168; x_wconf 93' lang='lat' dir='ltr'>in·</span> 
     </span>
     <span class='ocr_line' id='line_1_36' title="bbox 114 3185 1110 3269; baseline 0.007 -25"><span class='ocrx_word' id='word_1_269' title='bbox 114 3188 124 3251; x_wconf 67' lang='lat' dir='ltr'><strong>f</strong></span> <span class='ocrx_word' id='word_1_270' title='bbox 146 3185 310 3262; x_wconf 86' lang='lat' dir='ltr'>digniorem</span> <span class='ocrx_word' id='word_1_271' title='bbox 333 3206 368 3250; x_wconf 92' lang='lat' dir='ltr'>eo</span> <span class='ocrx_word' id='word_1_272' title='bbox 391 3188 499 3250; x_wconf 90' lang='lat' dir='ltr'>decore</span> <span class='ocrx_word' id='word_1_273' title='bbox 522 3207 555 3251; x_wconf 89' lang='lat' dir='ltr'>se</span> <span class='ocrx_word' id='word_1_274' title='bbox 573 3207 662 3267; x_wconf 77' lang='lat' dir='ltr'>quem</span> <span class='ocrx_word' id='word_1_275' title='bbox 682 3187 716 3248; x_wconf 91' lang='grc' dir='ltr'>Τ.</span> <span class='ocrx_word' id='word_1_276' title='bbox 738 3187 878 3250; x_wconf 81' lang='lat' dir='ltr'>nanuum</span> <span class='ocrx_word' id='word_1_277' title='bbox 897 3196 995 3258; x_wconf 79' lang='lat' dir='ltr'>ratus,</span> <span class='ocrx_word' id='word_1_278' title='bbox 1022 3193 1110 3269; x_wconf 89' lang='lat' dir='ltr'>prius</span> 
     </span>
     <span class='ocr_line' id='line_1_37' title="bbox 110 3268 1109 3352; baseline 0.008 -26"><span class='ocrx_word' id='word_1_279' title='bbox 110 3272 116 3315; x_wconf 79' lang='grc' dir='ltr'>ἰ</span> <span class='ocrx_word' id='word_1_280' title='bbox 147 3268 311 3332; x_wconf 84' lang='lat' dir='ltr'>sciscitatus</span> <span class='ocrx_word' id='word_1_281' title='bbox 325 3271 453 3333; x_wconf 87' lang='lat' dir='ltr'>consulis</span> <span class='ocrx_word' id='word_1_282' title='bbox 464 3269 642 3333; x_wconf 83' lang='lat' dir='ltr'>voluntatem</span> <span class='ocrx_word' id='word_1_283' title='bbox 653 3272 684 3334; x_wconf 92' lang='lat' dir='ltr'>in</span> <span class='ocrx_word' id='word_1_284' title='bbox 695 3271 824 3334; x_wconf 90' lang='lat' dir='ltr'>medium</span> <span class='ocrx_word' id='word_1_285' title='bbox 839 3278 969 3334; x_wconf 89' lang='lat' dir='ltr'>armatus</span> <span class='ocrx_word' id='word_1_286' title='bbox 983 3291 1109 3352; x_wconf 88' lang='lat' dir='ltr'>proces·</span> 
     </span>
     <span class='ocr_line' id='line_1_38' title="bbox 116 3350 1109 3435; baseline 0.01 -26"><span class='ocrx_word' id='word_1_287' title='bbox 116 3350 195 3411; x_wconf 66' lang='lat' dir='ltr'>risit</span> <span class='ocrx_word' id='word_1_288' title='bbox 225 3352 322 3413; x_wconf 87' lang='lat' dir='ltr'>minus</span> <span class='ocrx_word' id='word_1_289' title='bbox 342 3355 458 3433; x_wconf 88' lang='lat' dir='ltr'>insigne</span> <span class='ocrx_word' id='word_1_290' title='bbox 477 3363 628 3416; x_wconf 90' lang='lat' dir='ltr'>certamen</span> <span class='ocrx_word' id='word_1_291' title='bbox 646 3354 808 3416; x_wconf 89' lang='lat' dir='ltr'>humanum</span> <span class='ocrx_word' id='word_1_292' title='bbox 829 3356 950 3419; x_wconf 90' lang='lat' dir='ltr'>numine</span> <span class='ocrx_word' id='word_1_293' title='bbox 972 3356 1109 3435; x_wconf 87' lang='lat' dir='ltr'>interpo-</span> 
     </span>
     <span class='ocr_line' id='line_1_39' title="bbox 125 3432 1109 3518; baseline 0.008 -23"><span class='ocrx_word' id='word_1_294' title='bbox 125 3452 126 3456; x_wconf 67' lang='grc'>’</span> <span class='ocrx_word' id='word_1_295' title='bbox 144 3434 202 3495; x_wconf 85' lang='lat' dir='ltr'>sito</span> <span class='ocrx_word' id='word_1_296' title='bbox 216 3432 340 3495; x_wconf 86' lang='lat' dir='ltr'>deorum</span> <span class='ocrx_word' id='word_1_297' title='bbox 361 3436 485 3498; x_wconf 83' lang='lat' dir='ltr'>iactum:</span> <span class='ocrx_word' id='word_1_298' title='bbox 510 3454 636 3518; x_wconf 83' lang='lat' dir='ltr'>namque</span> <span class='ocrx_word' id='word_1_299' title='bbox 656 3439 823 3498; x_wconf 87' lang='lat' dir='ltr'>conserenti</span> <span class='ocrx_word' id='word_1_300' title='bbox 836 3439 895 3501; x_wconf 87' lang='lat' dir='ltr'>iem</span> <span class='ocrx_word' id='word_1_301' title='bbox 909 3455 1031 3501; x_wconf 87' lang='lat' dir='ltr'>manum</span> <span class='ocrx_word' id='word_1_302' title='bbox 1045 3439 1109 3502; x_wconf 86' lang='lat' dir='ltr'>Ro·</span> 
     </span>
    </p>
   </div>
   <div class='ocr_carea' id='block_1_5' title="bbox 0 0 1202 3920">
    <p class='ocr_par' dir='ltr' id='par_1_5' title="bbox 0 0 1202 3920">
     <span class='ocr_line' id='line_1_40' title="bbox 0 0 1202 3920; baseline 0 1"><span class='ocrx_word' id='word_1_303' title='bbox 0 0 1202 3920; x_wconf 95' lang='lat' dir='ltr'> </span> 
     </span>
    </p>
   </div>
  </div>
 </body>
</html>
