2290 3920
170 196 231 258 226
326 198 439 252 'nmen
453 208 517 274 xxr,
535 208 604 251 cae.
620 195 663 250 26.
681 197 723 255 27,
741 185 781 270 [a.
796 211 827 254 u.
844 211 868 251 o.
884 185 943 269 tto]

169 376 272 420 corum
285 360 434 439 ipsorum,
450 375 524 437 quos
537 355 623 419 sedes
638 374 707 418 suae
721 363 890 429 tenuerant,
906 354 987 418 simu
998 353 1095 436 perlicit

168 442 254 502 donis
287 443 323 504 ad
351 458 439 504 naves
468 441 597 522 undique
627 441 842 502 contrahendas
869 440 1094 520 fabricandasqoe,

167 524 305 588 simulet
331 527 388 606 ipsi
411 527 496 586 traici
522 526 684 588 exercitum
709 524 857 605 levarique
881 543 964 605 quam
989 525 1094 604 primum

132 604 136 609 ’
168 611 321 687 regionem
340 627 422 671 suam
441 616 520 671 tanta
540 609 692 670 bominum
711 616 837 687 urgente
856 609 941 672 turba
955 608 1093 688 cupiebant

166 695 265 773 itaque
285 696 391 774 ingens
412 700 512 754 coacta
533 694 576 755 vis
599 693 715 754 navium
737 698 782 757 est
800 692 987 772 lintriumque
1005 698 1094 753 temne

168 777 205 838 ad
229 778 385 839 vicinalem
403 794 489 839 ursum
516 784 701 855 paratarum
729 794 876 858 novasque
898 776 966 840 alias
989 776 1093 855 primum

168 860 241 922 Galli
267 862 440 922 inchoantes
460 859 601 923 navabant
620 879 656 922 en
679 860 801 938 singulis
821 860 987 931 arboribus,
1012 857 1094 921 deinde

167 951 197 1006 et
216 945 273 1025 ipsi
286 944 394 1006 milites
409 942 496 1005 simul
510 946 593 1024 copia
604 947 747 1006 materiae
764 945 850 1007 simul
871 944 1004 1006 facilitate
1019 941 1094 1024 operis

165 1027 278 1089 inducti
294 1027 391 1090 alveos
413 1027 570 1097 informes,
592 1028 667 1089 nihil
681 1029 839 1090 dummodo
859 1031 963 1090 innare
981 1042 1060 1107 aquae
1074 1030 1094 1084 et

141 1126 142 1129 ’
166 1127 272 1189 mpero
288 1127 379 1172 onera
399 1118 519 1190 possent
532 1119 683 1184 curantes,
707 1113 829 1192 raptim,
844 1110 958 1193 ,quibus
971 1125 1094 1189 seruaque

165 1194 404 1265 transveherent,
420 1190 574 1257 iaciebant.
818 1272 822 1277 ,
851 1258 855 1262 .
1091 1207 1092 1211 ’

109 1346 114 1353 f
135 1284 150 1335 1
225 1277 337 1339 XXVII.
383 1279 502 1359 lamque
527 1279 665 1341 omnibus
693 1281 764 1342 satis
789 1280 957 1358 conparatis
987 1276 1020 1342 ad
1042 1276 1093 1338 trri·

166 1361 300 1423 ciendum
315 1363 468 1425 terrebant
479 1381 516 1424 ex
526 1363 648 1425 adverso
663 1364 762 1424 hostes
774 1381 895 1426 omnem
907 1365 997 1444 ripam
1008 1363 1092 1441 equitet

137 1445 277 1525 aurique
293 1445 469 1508 obtinentes.
504 1466 577 1526 quos
590 1453 623 1508 ut
643 1454 801 1515 averterat,
823 1447 997 1510 Hannonem
1009 1439 1091 1506 Boni·

165 1531 242 1597 caris
269 1529 360 1591 tilium
389 1530 484 1609 vigilia
512 1533 606 1610 prima
632 1533 727 1592 noctis
754 1549 821 1593 cum
847 1539 934 1610 parte
961 1531 1091 1610 copiarum

165 1616 292 1674 maxime
303 1614 455 1694 Hispanis,
472 1613 594 1676 adverso
606 1613 729 1675 flumine
741 1615 786 1675 ire
801 1617 858 1675 iter
870 1617 958 1677 unius
968 1614 1021 1675 diei
1033 1609 1091 1672 iubet

136 1704 151 1756 3
165 1704 208 1764 et,
224 1695 276 1756 ubi
292 1699 422 1775 prImum
435 1700 544 1778 possit,
570 1715 656 1776 quam
679 1697 876 1759 occultissime
902 1696 1018 1761 nuceto
1036 1691 1089 1757 aud

164 1780 387 1841 circumducere
408 1799 528 1860 agmen,
550 1788 597 1856 ut,
617 1800 683 1842 cum
703 1800 778 1861 opus
798 1782 878 1843 iacto
899 1785 951 1853 sit,
974 1780 1089 1845 adoriatur

135 1860 201 1920 tab
223 1868 305 1939 tergo
328 1863 453 1926 bostem.
499 1864 536 1925 ad
561 1864 591 1925 id
611 1864 671 1926 dati
690 1865 781 1932 duces
805 1865 883 1926 Galli
906 1866 1024 1928 edocent
1042 1856 1089 1922 iulo

163 1942 243 2004 milia
255 1947 384 2025 quinque
407 1955 437 2007 et
455 1949 557 2026 viginti
577 1948 671 2011 terme
695 1968 783 2029 supra
803 1968 913 2030 parvae
931 1947 1035 2012 insulae
1050 1945 1089 2004 cir·

165 2028 330 2090 cumfusum
346 2047 463 2091 amnem
474 2029 623 2102 latiorem,
639 2033 690 2093 ubi
704 2034 903 2108 dividebatur,
920 2051 1008 2115 eoque
1019 2030 1089 2092 miuus

135 2109 222 2172 talto
234 2112 315 2173 alveo
338 2115 492 2176 transitum
513 2115 678 2176 ostendere.
714 2116 756 2178 ibi
775 2120 885 2197 raptim
901 2137 984 2181 caesa
996 2110 1089 2177 materia

162 2203 299 2277 ratesque
316 2196 489 2270 fabricatae,
510 2198 662 2279 inquibus
679 2202 746 2280 equi
770 2203 884 2282 virique
904 2210 934 2264 et
952 2198 1004 2264 alia
1023 2208 1088 2258 ouert

162 2280 368 2344 traicerentur.
400 2281 522 2363 Hispani
540 2286 603 2345 siue
616 2282 675 2345 ulla
688 2285 766 2346 mole
787 2287 819 2346 in
839 2294 923 2349 utres
943 2276 1088 2348 vestimentis

163 2364 304 2426 coniectis
326 2367 383 2445 ipsi
398 2369 504 2428 caetris
522 2369 713 2447 superpositis
734 2368 910 2433 incubantes
929 2369 1031 2431 flumen
1047 2370 1087 2422 tra·

134 2454 279 2508 onarcre.
309 2456 339 2508 et
358 2447 433 2512 alius
445 2453 590 2512 exercitus
605 2451 717 2512 ratibus
730 2454 838 2513 iunctis
859 2454 997 2516 traiectus
1013 2441 1087 2511 cusldt

161 2546 254 2610 prope
270 2530 381 2594 flumen
397 2536 499 2613 positis
510 2542 655 2596 nocturno
676 2537 782 2598 itinere
796 2543 884 2617 atquc
901 2538 997 2617 operis
1013 2529 1086 2620 taluc

161 2612 257 2676 tessus
272 2617 370 2695 quiete
390 2619 478 2680 unius
496 2618 554 2680 diei
574 2620 718 2690 reficitur,
739 2620 854 2683 intento
877 2620 953 2682 duce
972 2618 1004 2680 ad
1017 2623 1085 2675 cont·

133 2695 233 2758 7lium
244 2708 410 2778 opportune
421 2703 647 2782 exsequendum.
676 2711 796 2783 postero
807 2705 854 2765 die
865 2704 990 2784 proiecti
1000 2718 1031 2760 ex
1041 2695 1084 2754 bd

161 2780 314 2856 praedicto
324 2783 406 2845 inmo
421 2787 584 2862 significant
597 2789 737 2848 transisse
752 2795 781 2848 et
791 2787 869 2850 haud
884 2784 987 2867 procul
1001 2781 1083 2867 atos·

161 2863 240 2941 quod
252 2863 303 2924 ubi
313 2868 427 2945 accepit
436 2867 593 2939 Hannibal,
609 2888 647 2933 ne
658 2874 784 2950 tempori
795 2871 925 2942 deesset,
941 2871 988 2932 dat
998 2868 1083 2943 siguo

131 2944 198 3006 sad
219 2948 423 3011 cruciandum.
452 2953 525 3013 iam
547 2962 664 3031 paratas
686 2962 855 3035 aptatasque
874 2953 998 3016 babebat
1018 2940 1082 3031 pede

71 3084 76 3090 ,
101 3100 104 3105 ,
159 3028 279 3102 lintres,
305 3049 395 3111 eques
414 3035 477 3095 iere
496 3043 618 3115 propter
633 3056 724 3117 equos
743 3056 840 3100 nares.
872 3039 988 3100 narium
1006 3036 1082 3108 ttfflll

160 3112 198 3175 ad
212 3115 417 3195 excipiendum
432 3118 546 3182 adversi
561 3121 704 3200 impetum
725 3121 853 3184 fiuminis
864 3130 948 3202 parte
962 3111 1082 3196 superius

132 3280 135 3285 4
159 3202 362 3265 transmittens
387 3203 624 3284 tranquillitatem
651 3205 728 3266 inira
752 3204 953 3269 traicientibus
975 3189 1081 3262 lintribut

129 3285 150 3337 9
159 3282 330 3358 praebebat.
360 3304 504 3367 equorum
521 3307 592 3369 pars
605 3308 711 3369 magna
726 3298 831 3354 nantes
845 3291 915 3354 loris
931 3307 948 3350 a
965 3273 1081 3366 puppllli

161 3364 353 3430 trahebantur
371 3381 575 3450 praeterens,
601 3393 675 3456 quos
694 3375 835 3439 instratos
855 3376 1040 3446 frenatosque,

162 3449 308 3533 extemplo
324 3469 442 3530 egresso
456 3459 487 3518 in
503 3459 598 3538 ripam
614 3460 705 3539 equiti
719 3462 785 3522 usui
797 3466 894 3524 essent
922 3438 1081 3534 inposuerat
