2280 3926
87 286 94 297 Ι
163 207 225 268 176
388 219 481 261 amau
495 220 525 259 x.
541 217 609 260 cnr.
625 205 668 259 26.
686 196 725 280 [a.
741 220 772 259 n.
788 219 813 258 c.
829 193 890 277 459]

134 375 151 427 o
226 367 345 428 Invenio
361 365 443 445 apud
459 363 601 445 quosdam
623 364 771 445 extemplo
794 361 943 427 consulatu
956 363 1022 424 inito
1035 378 1092 442 pro·

163 452 257 513 lectos
271 453 302 511 in
316 450 465 512 Etruriam
481 448 799 529 Fabiumbeciu'mqae
820 449 883 509 sine
895 446 951 509 ulla
964 447 1092 509 meniana

162 535 251 597 sortis
271 533 488 614 provinciarum
511 534 763 612 certaminumque
779 534 858 593 inter
881 530 1093 610 collega'a',''tpua'e

134 620 294 698 texposni.
320 624 390 681 suut
405 617 510 696 quibua
520 635 558 678 ue
573 616 646 679 haec
663 616 782 697 quidem
796 617 955 677 certamina
968 629 1093 694 exponere
1127 684 1128 691 ἵ

162 705 233 765 saus
246 703 344 773 luerit,
361 701 522 767 admeerint
536 707 567 763 et
578 701 664 778 Appii
679 701 900 763 criminationes
912 698 948 761 de
960 697 1042 760 rasio
1054 694 1092 756 ab·

162 795 246 848 sente
270 786 307 850 ad
333 784 474 866 poputum
498 791 529 846 et
552 785 745 863 pertinaciam
771 783 909 847 adversus
933 788 1093 862 praesentem

14 936 15 939 ,
165 869 316 933 consulem
332 870 478 949 praetoris
495 869 772 947 contentionemque
789 865 876 929 aliam
889 867 966 928 inter
980 863 1091 942 coiepa.
1127 892 1128 941 j

86 1022 88 1025 .
163 954 304 1017 madente
319 953 424 1023 Decio,
443 958 477 1015 ut
489 969 560 1013 suae
576 953 699 1031 piisque
713 952 882 1031 prouinciae
897 957 1003 1017 sortem
1016 956 1092 1011 tuere·
1127 950 1128 977 ³

137 1045 222 1099 rtur.
249 1043 384 1099 conmare
394 1053 444 1097 res
457 1036 562 1114 incipit
572 1053 609 1098 ex
620 1053 656 1095 eo
670 1042 814 1115 tempore,
825 1052 886 1115 quo
896 1029 1092 1114 protectionic

165 1119 301 1182 consules
318 1118 355 1181 ad
369 1117 480 1181 bellum
495 1126 574 1181 sunt.

229 1203 367 1265 Getarum
386 1209 543 1281 antequam
563 1202 700 1264 eonsules
714 1205 745 1265 in
758 1203 909 1269 Etruriam
923 1201 1091 1283 pervenirent

164 1287 297 1348 Senones
316 1284 392 1349 Galli
413 1285 600 1349 multitudine
617 1289 732 1364 ingenti
752 1286 789 1349 at
817 1287 947 1353 Clusium
967 1287 1092 1346 venerunt,

13 1376 15 1379 ’
138 1368 312 1449 elegionem
336 1369 500 1434 Romanam
520 1377 675 1449 castraque
694 1373 904 1450 oppugnaturi.
944 1363 1093 1448 snpmei

164 1456 268 1517 castris
285 1462 438 1533 praeerat,
453 1453 518 1517 loco
534 1452 726 1517 adiuvandam
741 1456 920 1533 paucitatem
934 1469 1043 1516 suorum
1054 1447 1092 1508 nri·

162 1537 247 1600 litum
268 1545 364 1609 ratus,
386 1540 418 1599 in
438 1537 559 1609 collem,
582 1539 634 1617 qui
656 1538 735 1599 inter
756 1538 863 1601 urbem
885 1546 915 1600 et
934 1542 1022 1603 castra
1040 1537 1091 1598 erat

137 1625 258 1685 taciem
277 1625 380 1685 crexit
413 1622 480 1692 sed,
504 1628 537 1683 ut
555 1623 587 1683 iu
599 1640 633 1682 re
650 1621 764 1692 aruba,
786 1640 895 1702 parum
908 1620 1047 1702 explorato
1060 1614 1091 1674 iti·

163 1725 237 1767 nere
252 1705 290 1767 ad
306 1707 408 1784 iugum
424 1707 569 1785 perrexit,
590 1705 670 1784 quod
691 1706 791 1767 hostes
807 1714 949 1786 ceperant
968 1709 1042 1784 parte
1054 1696 1092 1759 alit

113 1834 116 1837 .
166 1790 307 1867 adgressi.
342 1790 383 1850 ita
399 1807 484 1850 caesa
505 1787 542 1849 ab
558 1796 642 1867 tergo
655 1788 733 1867 legio
749 1798 838 1870 atque
862 1792 895 1853 in
917 1788 1023 1858 medio,
1044 1797 1092 1843 11111

121 1877 154 1930 10
165 1872 258 1953 bostis
272 1871 402 1951 undique
417 1878 553 1950 urgeret,
567 1874 776 1935 circumventa.
807 1873 935 1937 deletam
949 1884 1053 2017 ψη
1064 1862 1092 1923 lli

165 1954 195 2017 le
213 1955 329 2025 ionem,
345 1957 386 2015 ita
396 1963 431 2016 ut
443 1957 563 2017 nrmb'us
579 1973 667 2017 nous
709 1975 833 2028 eresaa,
875 2018 876 2021 ,
1071 1962 1091 2005 ⁸⁵

122 1969 1090 2132 arffiam‘uwmmmrmqffimamffifflm

163 2122 301 2194 aberant,
322 2121 431 2185 lamam
448 2124 512 2184 eius
526 2121 617 2187 cladis
632 2123 794 2204 perlatam,
814 2143 905 2205 quam
916 2127 950 2203 in
963 2121 1090 2200 consputiu

163 2206 248 2269 luere
264 2206 414 2270 Gallorum
432 2208 557 2287 equites,
572 2207 742 2287 pectoribus
752 2227 899 2288 equorum
915 2213 1089 2287 suspensore-

163 2299 276 2355 stautes
295 2291 391 2370 capita
412 2297 442 2353 et
455 2290 565 2354 lanceis
582 2292 670 2357 iutixa
685 2303 862 2373 orantesque
882 2296 977 2356 'moab
996 2289 1035 2351 sul
1046 2296 1089 2344 ttr-

75 2430 80 2439 ,
122 2381 155 2432 12
164 2376 255 2436 mine.
283 2384 352 2437 sunt
367 2376 418 2454 qui
433 2374 561 2437 Umbros
576 2375 681 2448 luisse,
703 2395 763 2438 non
779 2376 892 2448 Gallos,
917 2375 1039 2455 uadunt,
1052 2377 1089 2426 ¹1⁰⁶

163 2466 279 2520 tantm
305 2458 397 2521 clanis
420 2465 588 2539 acceptum,
616 2466 647 2521 et
670 2462 877 2523 nucumventis
901 2449 1089 2541 pabulatoribus

164 2561 231 2604 cnm
243 2542 277 2604 L.
293 2541 401 2605 Manlio
416 2543 565 2624 Torquato
586 2543 684 2623 legato
705 2544 875 2624 Scipionem
896 2546 1088 2624 propraetorem

163 2627 357 2689 subsidiumc
377 2629 483 2691 casuis
499 2627 615 2699 tulisse,
638 2629 822 2708 victoresque
842 2628 971 2705 Umbros
989 2621 1087 2686 reduit

163 2718 248 2788 grato
273 2709 387 2789 proelio
413 2713 505 2773 victos
532 2730 611 2781 esse,
642 2715 829 2792 captivosque
853 2714 898 2775 eis
922 2730 957 2773 ac
979 2701 1086 2790 praedae

121 2801 153 2852 13
163 2793 340 2872 ademptam.
377 2795 500 2855 similius
522 2814 591 2857 vero
606 2803 651 2856 est
670 2795 785 2858 aGallo
799 2797 886 2859 hoste
905 2812 993 2876 quarn
1006 2782 1086 2851 nutu

163 2894 229 2937 eam
247 2875 359 2961 uadem
375 2885 541 2957 acceptam,
556 2879 634 2958 quod
648 2898 715 2942 cum
729 2898 817 2960 saepe
831 2880 903 2945 abas
914 2888 976 2940 tum
990 2893 1021 2939 ce
1033 2877 1086 2963 1111

122 2968 153 3019 14
165 2959 269 3021 Gallici
283 2960 424 3023 tumultus
449 2964 626 3041 praecipuus
647 2970 744 3025 terror
760 2965 905 3029 civitatem
929 2960 1026 3023 tenuit
1049 2953 1084 3008 ill·

163 3062 220 3123 quo
236 3052 442 3124 praeterquam
458 3045 638 3125 quodfambo
660 3047 795 3117 consules
814 3048 940 3129 profecti
956 3043 991 3106 ad
1004 3032 1084 3101 belm

162 3138 249 3190 eraut
258 3146 326 3191 oum
339 3137 477 3207 quattuor
489 3129 655 3209 legionibus
673 3139 703 3194 et
717 3150 825 3210 magno
842 3132 970 3212 equitatu
982 3126 1083 3214 bouill

162 3212 378 3294 Campanisque
392 3213 472 3275 mille
488 3215 635 3295 equitibus
656 3213 779 3279 delectis
799 3216 835 3277 ad
852 3216 882 3277 id
897 3212 1003 3277 bellum
1013 3207 1082 3267 m¹⁵l⁵

163 3303 193 3354 et
207 3299 354 3360 sociorum
368 3300 554 3380 nominisque
570 3301 666 3363 Latini
686 3302 798 3361 maiore
815 3300 946 3361 exercitu
959 3282 1083 3373 quemfll'

122 3383 153 3434 15
165 3393 266 3447 mano,
283 3379 332 3440 alii
346 3382 404 3445 duo
420 3386 566 3447 exercitus
576 3384 655 3446 hand
670 3383 775 3463 procul
789 3384 864 3446 urbe
877 3379 1007 3444 Etruriae
1019 3375 1083 3459 ‘llll

163 3459 229 3528 sifi,
245 3478 321 3522 unus
332 3466 364 3524 in
378 3465 507 3539 Falisco,
524 3467 599 3531 alter
612 3471 644 3530 in
659 3470 799 3530 Vaticano
816 3487 895 3548 agro.
934 3464 983 3524 Gn.
997 3449 1085 3517 Fulll’
