2280 3926
141 215 201 281 122
360 230 453 289 mm
468 230 511 273 11.
527 230 594 274 usn.
611 217 654 272 ²6.
672 209 711 292 [a.
727 234 757 272 ιι.
774 233 799 271 c.
816 210 876 292 440]

115 378 230 442 adubie
243 378 280 442 ab
294 377 366 457 ipsis
381 378 510 439 conscita
523 378 632 440 iudicio
646 377 800 442 subtraxit.
830 378 947 459 deinde,
960 385 992 440 nt
1001 395 1075 457 quae·

140 463 228 524 stionl
239 462 404 542 Campanae
417 462 540 524 materia
557 461 695 532 decessit,
714 481 798 524 versa
815 463 937 527 Romam
950 464 1078 540 interpre·

141 546 231 609 tando
241 564 305 609 res:
321 563 382 607 non
394 546 565 608 nominatim
573 569 585 616 ,’
599 548 650 625 qui
661 546 790 626 Capuae,
807 544 904 615 sedin
917 548 1076 615 universum,
1128 578 1130 583 <

141 632 192 711 qui
207 648 331 711 usquam
352 631 481 692 coissent
500 630 738 691 coniurassentve
759 628 898 701 adsersus
918 648 980 691 rem
998 627 1078 710 publi·

114 720 222 787 ecem,
244 715 348 795 quaeri
361 721 495 775 senatum
509 714 644 784 iussisse;
666 722 696 776 et
712 712 855 781 coitiones
869 714 1012 774 honorum
1029 711 1078 774 adi·

139 798 349 878 piscendorum
375 815 463 861 cansa
484 798 575 859 iactas
594 790 822 873 adversusfrem
844 796 995 878 publicam
1018 812 1078 857 esse.

139 881 284 964 latiorque
302 890 332 945 et
353 898 387 943 re
408 889 438 944 et
459 883 594 963 personis
612 884 722 961 quaest'
761 882 826 943 fleri
848 881 928 943 haud
950 879 1079 942 abnuente

99 971 133 1023 10
144 966 285 1029 dictatore
302 968 367 1028 sine
387 966 446 1028 line
468 964 527 1028 ulla
545 967 675 1045 quaestio
708 985 722 1027 s
740 983 811 1029 suae
829 967 876 1027 ius
898 984 971 1028 esse.
985 969 1079 1045 postn-

141 1047 278 1111 labantur
297 1067 368 1129 ergo
382 1048 497 1111 nobiles
513 1050 647 1112 homines
653 1097 665 1122 ‚f
673 1048 952 1130 appellantibusque
965 1047 1079 1110 tribunos

19 1182 21 1187 .
42 1176 51 1201 ι
99 1139 128 1193 11
141 1149 229 1194 nemo
241 1140 305 1199 erat
318 1132 439 1202 auxilio,
456 1135 527 1215 quin
539 1135 659 1213 nomini
672 1135 887 1214 reciperentur.
911 1132 981 1194 inde
991 1128 1078 1192 nobili·

25 1248 29 1255 ·
139 1224 192 1287 tas,
209 1234 266 1277 nec
277 1218 299 1277 ii
309 1215 455 1288 modo'in
468 1235 541 1297 quos
552 1218 666 1283 crimin
676 1217 895 1289 intendebatur,
906 1216 958 1278 sed
969 1211 1079 1277 universi

139 1299 227 1362 simul
241 1317 351 1379 negare
365 1300 509 1363 nobilium
524 1301 554 1362 id
569 1298 682 1367 crimen
698 1319 776 1371 esse,
795 1300 903 1381 qulbus
916 1302 941 1362 si
956 1297 1029 1361 nulla
1038 1292 1078 1356 ob·

29 1376 36 1413 ¹
81 1418 88 1431 ι
138 1392 233 1446 stetur
247 1383 352 1446 fraude
367 1392 466 1465 pateat
480 1386 524 1446 via
539 1380 748 1456 ad‘honorem,
769 1384 822 1445 sed
840 1384 992 1446 hominum
1005 1398 1077 1442 novo·

32 1514 47 1527 .
61 1492 79 1553 q
98 1474 131 1526 12
141 1486 218 1531 rum.
246 1469 327 1550 ipsos
348 1470 420 1532 adeo
436 1459 607 1539 dictatorem
627 1470 857 1549 magistrumque
879 1471 1008 1547 equitnm
1024 1479 1077 1525 reos
1132 1548 1133 1551 Ἴ

74 1558 79 1573 “
138 1554 231 1633 magis
246 1571 334 1635 quam
350 1543 667 1635 quaesitorcs'idoneos
683 1554 747 1622 eius
763 1552 899 1613 criminis
914 1569 992 1620 esse,
1006 1544 1076 1608 intel·
1132 1602 1133 1607 ,

97 1641 130 1696 ta
141 1635 328 1717 lectoresque
349 1639 389 1698 ita
408 1636 440 1697 id
462 1654 540 1708 eme,
562 1635 649 1698 simul
669 1637 841 1715 magistratu
860 1634 999 1698 abissent.
1029 1638 1077 1691 tun
1132 1632 1133 1655 ³

5 1789 9 1796 ‚
138 1722 218 1782 enim
238 1738 308 1781 vero
323 1720 470 1795 Maenius,
490 1722 549 1781 iam
568 1719 663 1781 famae
683 1721 776 1798 magis
793 1737 882 1799 quam
902 1717 1015 1799 imperii
1030 1730 1077 1775 me·
1129 1796 1131 1799 ι

97 1811 131 1863 14
141 1821 222 1874 mor,
237 1820 411 1883 progressus
425 1805 456 1864 in
474 1804 641 1864 contionem
655 1804 696 1867 ita
711 1801 800 1865 rerba
815 1802 900 1865 iecit:
930 1809 985 1875 „et
994 1812 1077 1860 omnes

139 1892 208 1947 ante
223 1893 305 1948 actae
320 1889 396 1949 vitae
412 1892 463 1965 pos
480 1887 613 1947 conscios
630 1884 738 1958 habeo,
759 1887 903 1959 Quirites,
925 1894 954 1948 et
972 1883 1077 1960 hicipse
1131 1884 1133 1887 ’

137 1970 233 2030 honos
247 1968 360 2031 delatus
376 1968 413 2031 ad
434 1988 482 2032 me
502 1971 584 2029 testis
606 1976 651 2031 est
669 1970 856 2031 innocentiae
873 1987 974 2032 meae:
999 1977 1076 2043 nequa
1133 1964 1134 2031 ζ

138 2054 233 2125 enim,
258 2053 336 2133 quod
351 2070 439 2132 saepe
455 2050 628 2131 almisque
644 2053 686 2114 ita
705 2060 840 2133 tempora
851 2050 1033 2134 postulabant
1043 2042 1076 2137 ιθ]
1132 2112 1134 2135 q

136 2132 744 2298 trruarctttatsasss
756 2128 1078 2296 t}

95 2311 128 2364 16
141 2301 314 2369 exercendis
332 2300 550 2384 quaestionibus
563 2301 628 2364 tuit.
657 2302 709 2364 sed
725 2305 863 2384 quoniam
878 2303 999 2383 qnidam
1011 2293 1079 2359 nobi·

137 2387 180 2448 les
194 2379 331 2448 homines
346 2422 387 2433 -
400 2404 456 2466 qna
472 2386 620 2457 decanea,
635 2403 686 2447 vos
697 2388 864 2449 existimare
876 2405 966 2467 quam
980 2400 1025 2446 me
1036 2395 1079 2460 pro

135 2471 309 2550 magistratu
318 2473 476 2552 quiequam
486 2471 693 2552 inconpertum
703 2471 802 2532 dicere
812 2470 918 2532 medus
930 2459 1077 2544 est-pri·

136 2574 218 2618 mum
240 2556 319 2635 ipsas
335 2571 506 2637 expugnare
522 2555 708 2635 quaestiones
730 2556 812 2616 omni
826 2573 882 2635 ope
902 2553 999 2616 adnbi
1017 2551 1080 2619 sul,

94 2640 220 2710 lodeln,
241 2648 398 2720 postquam
415 2639 498 2701 adid
521 2657 626 2718 parum
645 2645 782 2718 potentes
800 2645 898 2709 erant,
922 2655 962 2699 ne
979 2643 1075 2722 causat?

136 2722 285 2792 dicerent,
299 2724 331 2783 in
342 2722 488 2802 praesidia
500 2722 748 2794 adversariorum,
765 2721 991 2802 appelledonem
1002 2723 1029 2776 et
1038 2719 1077 2800 ⁰¹⁴.

95 2810 127 2862 17
139 2802 290 2865 bunicium
303 2806 456 2875 auxilium,
470 2806 587 2884 patricii
598 2805 808 2884 confugerunt,
822 2812 975 2887 postremo
985 2791 1077 2877 republ

134 2885 205 2947 inde
221 2920 264 2932 —
279 2887 467 2949 adeo'omnla
486 2889 608 2959 tutiore,
629 2889 718 2968 quam
739 2897 773 2951 ut
791 2889 991 2950 innocentiam
1010 2889 1072 2942 suen

134 2978 311 3052 purgarent,
328 2972 389 3044 visa
402 2981 439 3016 '-
452 2972 484 3031 in
495 2988 549 3031 nos
561 2972 733 3044 inruerunt,
750 2982 779 3035 et
791 2974 911 3053 privatis
922 2970 1074 3032 trecoren

88 3061 127 3118 18
137 3071 261 3136 poscere
274 3070 358 3118 reum
370 3054 564 3119 verecundiae
580 3073 640 3116 non
653 3056 720 3117 luit:
736 3063 769 3135 nt
777 3075 882 3119 omnes
893 3057 933 3117 dii
946 3048 1073 3115 homine*

135 3158 193 3220 que
212 3141 308 3203 sciant
326 3138 362 3201 ab
383 3138 441 3201 illis
462 3141 551 3206 etiam
565 3156 641 3219 quae
660 3156 721 3201 non
742 3141 857 3222 possint
878 3133 1025 3218 temptari,
1045 3137 1073 3184 ¹¹⁰

135 3225 281 3288 rationem
293 3224 368 3287 ritae
388 3222 530 3296 reddant,
555 3241 604 3285 me
619 3222 735 3286 obviam
750 3226 796 3286 ire
811 3223 927 3287 crimini
942 3226 972 3281 et
984 3213 1072 3279 ouon

93 3311 126 3365 te
137 3323 186 3366 me
198 3308 325 3370 inimicis
339 3327 438 3385 reum,
454 3309 598 3372 dictatura
612 3326 661 3370 me
676 3307 798 3372 abdico(
822 3327 874 3371 vos
885 3319 1005 3390 quaeso.
1018 3305 1071 3354 ⁰⁰¹¹·

136 3387 230 3458 eules,
253 3392 279 3451 sl
300 3394 382 3456 vobis
398 3396 498 3458 datum
516 3392 553 3457 eb
573 3399 676 3456 senatu
697 3397 849 3474 negotium
870 3388 978 3457 luerit.
995 3383 1026 3442 '1¹¹
1039 3387 1079 3434 Μ

25 3493 92 3514 ν’
134 3474 264 3555 primum
286 3482 316 3536 et
339 3478 419 3540 hunc
438 3480 477 3541 ll.
499 3477 629 3541 Foslium
650 3482 837 3559 quaestiones
858 3464 1037 3542 exercetiitir
1055 3459 1082 3514 ¹¹³
