2350 3922
249 227 344 269 umen
358 226 434 270 1111.
455 225 524 269 car.
544 213 588 268 37.
605 214 646 267 38.
659 214 701 268 39.
719 210 754 268 ‘a
777 210 811 272 O.
827 217 877 269 216
996 196 1058 280 295

99 376 133 438 Τ.
152 373 276 437 Otacilio
292 381 484 453 propraetore
498 376 529 435 in
546 373 645 436 Sicilia
660 383 742 436 erant
775 395 902 456 quinque
917 391 947 438 et
958 380 1058 455 viginti
1167 392 1168 395 ’

98 459 232 527 additae,
253 459 489 538 permissumque
511 467 569 530 est,
593 466 641 529 ut,
665 461 691 520 si
711 456 908 539 erepublica
924 469 1059 522 censeret
1167 466 1168 471 ’

96 562 180 612 esse,
197 546 228 600 ln
244 542 372 603 Africam
386 543 534 603 traiceret.

162 624 315 687 xxxviii.
355 624 469 685 Dilectn
492 626 625 705 perfecto
652 627 787 687 consules
815 646 923 706 paucos
951 630 1082 688 moratil

93 712 173 781 dies,
186 710 256 770 dum
267 711 306 769 ob
316 711 404 770 sociis
414 727 449 769 ac
460 711 578 770 nomine
589 710 693 770 Latino
704 712 839 770 venirent
850 709 966 770 milites.
984 719 1055 779 tum,
1068 719 1085 766 2

92 793 179 875 quod
196 812 355 873 numquam
372 801 457 853 antea
472 793 581 854 lactum
597 801 674 864 erat,
690 794 892 856 iureiurando
914 793 950 854 ab
965 793 1058 855 tribu-

94 880 145 940 nis
166 876 293 939 militum
314 876 411 940 adacti
430 877 538 941 milites
563 875 658 957 [iussu
684 877 836 939 consulum
862 886 1059 938 conventuros
1150 882 1156 893 ’

93 980 197 1041 neque
212 961 325 1022 iniussu
341 959 502 1041 abituros].
526 980 593 1022 nam
615 960 650 1021 ad
671 980 736 1022 eam
757 962 833 1021 diem
850 960 923 1021 nihil
937 966 1085 1059 praeteri
1167 986 1168 995 ι

93 1054 317 1108 sacramentum
331 1045 444 1113 iuerat,
462 1050 493 1104 et
506 1045 556 1105 ubi
569 1043 635 1125 [ad]
651 1045 833 1143 decwatum
846 1053 895 1106 aul
911 1046 1056 1106 centuria·

92 1140 162 1192 tum
179 1131 399 1197 convenissent,
421 1147 473 1191 sua
493 1127 672 1189 voluntate
663 1130 721 1206 apsi
738 1131 816 1189 inter
835 1146 900 1189 sese
916 1129 1058 1189 decuriati
1133 1178 1135 1183 .

92 1215 229 1293 equites,
249 1214 405 1273 centuriati
426 1211 539 1291 pedites
559 1213 766 1280 coniurabant,
788 1231 852 1273 sese
867 1213 954 1292 fugae
969 1222 1084 1292 atquae

94 1297 267 1359 formidinis
281 1314 354 1373 ergo
369 1314 428 1356 non
446 1295 576 1357 abituros
597 1313 693 1374 neque
714 1314 750 1355 ex
764 1296 868 1355 ordine
888 1314 1057 1357 recessuros

95 1383 158 1442 nisi
179 1378 231 1446 teli
253 1379 388 1440 sumendi
408 1387 458 1440 aut
484 1378 604 1457 petendi
630 1386 660 1439 et
678 1387 729 1438 aut
748 1379 841 1439 hostis
861 1378 988 1439 feriendi
1009 1387 1059 1440 aut
1167 1410 1168 1415 ι

93 1466 170 1525 civis
185 1463 320 1524 servandi
338 1480 434 1523 causa.
463 1463 493 1523 id
509 1481 546 1524 ex
560 1461 724 1522 voluntario
743 1463 844 1521 inter
836 1478 915 1539 ipsos
933 1462 1082 1522 loederea

92 1548 135 1609 ad
152 1547 288 1608 tribunos
306 1564 340 1607 ac
351 1546 534 1624 legitimam'
526 1547 599 1606 ruris
617 1545 734 1605 iurandi
755 1544 939 1643 adactionem
959 1552 1055 1605 trans

95 1633 200 1694 latum.

44 1734 47 1737 “
163 1715 336 1784 Contiones,
351 1716 522 1794 priusquam
533 1714 570 1774 ab
586 1714 693 1774 urbe
671 1727 754 1791 signa
769 1719 973 1782 moverentur,
989 1729 1059 1771 con·
1069 1720 1086 1770 o
1167 1732 1168 1735 ¹

95 1799 172 1862 aulis
187 1799 326 1858 Varronis
340 1798 450 1859 multae
466 1815 501 1858 ac
515 1798 629 1859 seroces
643 1799 740 1867 luere,
764 1796 978 1865 denuntiantis,
995 1795 1056 1856 bel·

96 1884 160 1947 lum
176 1883 347 1942 arcessitum
370 1883 401 1940 in
416 1880 526 1942 ltaliam
549 1880 587 1942 ab
607 1879 755 1943 nobilibus
773 1898 1005 1960 mansurumque
1026 1882 1057 1940 in

97 1965 260 2028 visceribus
276 1964 482 2043 reipublicae,
509 1966 534 2025 si
554 1965 654 2045 plures
669 1963 776 2026 Fabios
796 1966 991 2044 imperatores
1006 1965 1085 2024 har-7
1167 1982 1168 1987 ¹

96 2052 199 2118 beret,
220 2068 269 2119 se,
290 2067 348 2128 quo
370 2048 417 2108 die
437 2049 553 2110 hostem
576 2050 709 2118 vidisset,
743 2049 954 2128 perfecturum.
988 2059 1086 2109 con-8
1167 2096 1168 2099 ,

97 2134 184 2211 legae
199 2134 262 2193 eius
271 2131 355 2194 Pauli
366 2148 424 2195 una
439 2133 548 2211 pridie,
567 2152 654 2212 quarn
669 2132 705 2194 ab
720 2132 794 2192 urbe
809 2133 1056 2210 proficisceretur,

96 2218 200 2278 contio
215 2216 283 2285 luit,
303 2217 401 2275 verior
421 2235 508 2296 quam
524 2218 635 2292 gratior
649 2215 774 2294 populo,
796 2233 852 2293 qua
874 2213 947 2274 nihil
966 2213 1057 2274 incle·
1167 2292 1168 2295 Ἴ

6 2372 7 2375 ¹
97 2308 216 2362 menter
223 2301 253 2359 in
261 2299 422 2360 Varronem
437 2299 546 2359 dictum
563 2300 618 2359 nisi
624 2298 654 2358 id
667 2298 764 2367 modo,
778 2299 881 2358 mirari
894 2316 936 2366 se,
948 2297 1026 2376 quod
1039 2303 1087 2368 'sa

98 2404 138 2445 ne
150 2385 276 2464 Qidux,
290 2384 460 2463 priusquam
469 2389 519 2443 aut
530 2400 614 2442 suum
621 2389 672 2441 aut
683 2381 811 2441 hostium
825 2383 996 2452 exercitum,
1007 2377 1058 2442 lo·
1167 2424 1168 2453 ς

96 2466 203 2530 'corum
215 2468 311 2537 situm,
323 2473 458 2527 naturam
472 2465 602 2542 regionis
614 2473 723 2533 nosset,
739 2466 797 2525 iam
809 2481 889 2525 nunc
899 2471 1016 2541 togatus
1026 2468 1057 2526 in
1167 2540 1168 2543 Ἴ

96 2551 174 2613 urhe
193 2552 297 2620 sciret,
312 2568 386 2629 quae
397 2550 454 2610 sini
464 2548 577 2627 agenda
593 2556 705 2610 armato
718 2547 830 2616 forent,
848 2556 877 2608 et
893 2548 971 2607 diem
983 2566 1055 2627 quo
1044 2557 1101 2608 -10
1141 2586 1145 2593 -
1167 2612 1168 2623 p

98 2653 159 2716 que
175 2635 347 2713 praedicere
362 2641 475 2713 posset,
491 2650 548 2712 qua
560 2651 628 2694 curn
638 2632 723 2692 hoste
738 2630 973 2710 signisconlatis
982 2644 1060 2692 esset

99 2718 312 2780 dimicaturus:
334 2736 380 2787 se,
406 2735 480 2797 quae
495 2716 616 2777 consilia
630 2717 723 2794 magis
738 2733 787 2776 res
802 2714 873 2777 dent
886 2715 1056 2777 hominibus
1068 2725 1099 2776 11

97 2821 189 2884 quam
205 2803 340 2863 homines
354 2800 458 2873 rebus,
475 2818 510 2864 ea
524 2809 592 2862 ante
606 2810 723 2879 tempus
733 2802 880 2861 inmatura
893 2818 953 2860 non
972 2819 1058 2879 prae-

97 2896 270 2966 ceptorum
286 2895 404 2966 optare,
420 2893 466 2957 ut,
482 2900 558 2965 quac
570 2892 655 2946 caute
669 2902 703 2945 ac
715 2884 847 2945 consrdte
859 2892 941 2962 gesta
953 2894 1058 2954 essent
1167 2942 1168 2967 ,

98 2972 171 3032 satis
186 2988 329 3050 prospere
344 2971 511 3038 evenirent;
528 2970 738 3038 temeritatem,
754 2977 961 3048 praeterquam
977 2970 1054 3047 quod
1069 2978 1102 3027 12
1167 2972 1168 2987 ¹

94 3054 188 3117 stulta
202 3056 255 3126 sit,
279 3053 428 3117 infelicem
449 3055 536 3115 etiam
555 3053 592 3114 ad
615 3053 644 3113 id
666 3052 800 3114 locorum
819 3054 919 3113 luisse
957 3051 989 3111 id
1005 3069 1058 3113 sua
1069 3061 1102 3112 13
1167 3070 1168 3147 p

95 3146 205 3218 sponte
219 3138 394 3218 apparebat,
425 3145 488 3200 tuta
504 3138 650 3199 celeribus
665 3136 796 3197 consiliis
810 3136 1048 3215 praeposituram
1167 3202 1168 3215 p

98 3230 130 3283 et
151 3240 210 3302 quc
230 3223 261 3283 id
283 3224 464 3283 constantius
483 3229 701 3301 perseveraret,
725 3220 760 3292 Q.
787 3220 896 3282 Fabius
918 3219 1061 3283 Maximus
1167 3228 1168 3305 ι

95 3309 140 3367 sic
155 3325 223 3367 eum
238 3306 475 3385 proticiscentem
489 3306 642 3367 adlocutus
658 3304 767 3365 lentur

159 3390 290 3451 XXXlX.
340 3390 398 3460 „Si
425 3396 475 3452 aut
499 3389 669 3468 conlegam,
697 3389 726 3449 id
754 3388 832 3468 quod
864 3387 997 3461 mallem
1017 3391 1086 3453 cuir

95 3473 240 3543 similem,
258 3473 291 3536 L
306 3472 424 3535 Aemrlu
452 3473 591 3545 haberes,
606 3486 656 3537 aut
669 3472 857 3552 tuconlegae
872 3474 915 3535 tui
930 3490 1008 3534 esses
1021 3474 1060 3533 si·
1167 3498 1168 3591 p
