2396 3920
259 259 356 300 nmen
368 258 427 301 vu.
450 257 518 300 one.
537 246 579 297 39.
594 246 638 300 to.
658 237 697 320 [a.
715 240 749 302 O.
764 246 822 299 343.
837 238 900 321 342]
1023 247 1063 308 43

104 406 185 487 piicia
203 407 404 486 inpotensque
428 414 457 468 et
476 405 595 468 crudele
617 406 769 480 consulum
793 425 827 468 ae
849 413 967 486 patrum
984 409 1063 469 inse

102 508 224 573 regnum
241 507 392 570 passuros.
426 490 499 551 baec
521 491 571 571 qui
591 492 622 551 in
638 492 743 552 castris
758 497 841 552 erant
862 491 984 553 occultis
1000 500 1094 554 ser-u
1183 542 1184 559 ,

98 574 238 636 monibus
259 580 378 645 serunt,
401 592 507 635 nervos
529 577 740 636 coniurationis
761 585 892 637 exsectos
910 583 972 636 arte
992 588 1062 638 con·

96 657 168 719 sniis
190 665 362 719 cernentes.
398 658 504 719 cohors
534 676 592 720 una
619 677 686 721 cum
711 658 790 720 baud
815 659 918 740 procul
943 661 1093 722 Anxuret

95 751 191 813 esset,
217 741 256 802 ad
276 740 414 804 Lautulas
440 741 515 804 saltu
538 751 661 821 angusto
689 745 768 804 inter
791 761 872 804 mare
893 762 927 804 ae
952 747 1062 806 montis

95 825 236 888 consedit
249 825 287 885 ad
304 826 491 905 excipiendos
505 845 579 906 quos
598 827 701 888 consul
718 826 797 898 aliis,
820 834 853 887 ut
867 827 1062 889 antedictum

95 918 155 982 cst,
174 911 276 971 causis
291 909 434 970 mittebat.
464 912 523 971 iam
540 910 631 971 valida
644 911 802 973 admodum
819 928 943 972 numero
957 921 1094 972 manusb

94 1002 177 1065 erat,
192 994 423 1072 necquicquam
440 994 476 1054 ad
491 995 559 1054 iusti
577 997 721 1057 exercitus
737 997 863 1057 iormam
877 1003 996 1074 praeter
1009 995 1061 1055 du·

95 1097 162 1140 cem
178 1078 295 1139 deerat.
326 1078 503 1157 inconpositi
517 1080 614 1158 itaque
628 1080 803 1159 praedantes
815 1081 847 1140 in
859 1098 963 1158 agrum
974 1078 1061 1141 biba·

97 1180 169 1224 num
193 1163 387 1242 perveniunt,
411 1168 440 1222 et
460 1161 514 1222 sub
535 1165 604 1241 iugo
627 1160 718 1225 Albae
738 1164 963 1243 longaccastra
987 1163 1061 1225 valio

98 1248 234 1326 cingunt.
267 1245 401 1325 perfecto
414 1247 484 1307 inde
499 1264 590 1326 opere
605 1246 752 1326 reliquum
764 1247 821 1309 diei
837 1247 873 1309 de
884 1249 1062 1328 imperatore
1077 1254 1093 1305 9

99 1329 245 1391 sumendo
262 1330 417 1390 sententiis
433 1330 600 1403 decertant,
623 1332 696 1392 nulii
717 1351 753 1394 ex
767 1332 972 1412 praesentibus
991 1334 1062 1393 satis

102 1413 242 1474 fidentes:
257 1431 346 1494 quem
362 1421 458 1474 autem
471 1413 508 1475 ab
518 1415 610 1477 Roma
622 1434 709 1494 posse
721 1417 828 1476 exciri?
842 1435 929 1496 quem
943 1421 1104 1495 patrumm

106 1504 159 1556 ant
172 1495 266 1574 piebis
279 1516 360 1568 esse,
383 1500 434 1577 qni
454 1506 504 1558 ant
523 1516 555 1557 se
575 1504 658 1557 tanto
680 1498 812 1576 periculo
833 1502 929 1558 sciens
947 1500 1059 1568 offerat,

106 1586 159 1639 aut
169 1580 216 1640 oui
226 1599 259 1642 er
269 1582 375 1642 iniuria
388 1582 559 1644 insanientis
571 1582 718 1641 exercitus
733 1598 819 1641 causa
833 1587 914 1641 recte
927 1583 1060 1641 commit·

104 1663 201 1724 taturi
228 1672 349 1745 postero
377 1664 424 1725 die
449 1682 516 1727 cum
541 1664 644 1726 eadem
671 1663 843 1725 deliberatio
868 1671 998 1735 teneret,
1026 1672 1101 1726 exll

98 1747 326 1826 praedatoribus
336 1750 415 1827 ragis
427 1749 725 1829 quidamconpertnm
738 1748 899 1811 attuierunt
909 1750 944 1812 T.
952 1749 1059 1822 Quine-

98 1833 173 1893 tiam
187 1835 219 1892 in
234 1829 401 1893 Tusculano
422 1850 525 1912 agrum
547 1830 660 1906 colere,
685 1832 767 1896 urbis
788 1833 992 1915 honorumque
1014 1836 1060 1894 in·

98 1933 274 1978 memorem.
304 1916 445 1997 patriciae
460 1917 509 1977 bie
524 1919 568 1977 vir
584 1919 681 1996 gentis
695 1927 775 1989 erat;
795 1922 843 1982 cui
857 1939 922 1982 curn
940 1919 1059 1997 miiitiae
1072 1925 1102 1975 12
1183 1964 1184 1969 ,

96 2017 287 2078 magnacum
300 1999 392 2078 gloria
401 2008 490 2063 ,actae
505 2002 592 2062 finem
604 2021 657 2083 pes
670 2003 743 2065 aiter
755 2022 790 2065 ex
801 2003 923 2066 vnlnere
938 2003 1059 2064 claudus

94 2084 233 2152 iecisset,
249 2086 313 2144 ruri
324 2101 413 2163 agere
428 2086 514 2146 ritem
529 2085 633 2165 procul
650 2087 810 2150 ambitione
820 2107 855 2149 ae
870 2090 934 2149 foro
950 2089 1058 2148 consti·

93 2169 162 2229 tnit.
196 2169 317 2230 nomine
337 2168 436 2230 audito
456 2168 603 2249 externplo
621 2186 767 2249 agnovere
789 2174 885 2233 virum
908 2179 951 2240 et,
979 2169 1057 2250 quod
1070 2177 1102 2229 13
1183 2194 1184 2197 ¹

94 2250 176 2314 bene
190 2258 333 2324 verteret,
350 2252 439 2314 acciri
453 2255 611 2316 iusserunt.
645 2255 696 2317 sed
717 2274 821 2334 parum
843 2257 908 2334 spei
926 2260 990 2315 erat
1009 2272 1059 2314 ro·
1094 2284 1097 2289 ·

94 2333 211 2397 luntate
230 2337 385 2418 quicquam
405 2336 568 2407 iacturum3
590 2339 648 2400 vim
668 2339 800 2401 adhiberi
818 2358 853 2402 ae
869 2346 980 2401 metum
996 2336 1076 2418 pia·v

94 2422 168 2481 cuit.
206 2421 306 2499 itaque
325 2420 441 2482 silentio
461 2423 556 2482 noctis
578 2440 645 2483 cnm
667 2429 776 2484 tectum
796 2423 880 2484 sillae
904 2424 953 2504 qui
974 2421 1011 2483 ad
1026 2420 1055 2481 id
1069 2428 1101 2478 tt
1183 2490 1184 2493 Ἴ

93 2504 183 2564 missi
199 2511 284 2564 erant
298 2505 471 2576 intrassent,
494 2523 598 2566 somno
615 2523 734 2583 gravem
750 2507 918 2579 Quinctium
936 2523 1058 2584 oppres·
1183 2522 1184 2527 ¹

93 2605 180 2657 snm,
207 2584 280 2646 nibil
302 2588 445 2660 medium,
475 2595 525 2649 aut
546 2589 704 2667 imperium
725 2596 811 2668 atque
833 2589 976 2647 honorem
999 2594 1056 2655 aut,

93 2669 151 2732 ubi
170 2668 333 2742 restitaret,
364 2679 503 2742 mortem,
527 2673 557 2731 ui
577 2679 765 2750 sequeretur,
784 2671 1005 2741 denuntiantes,
1025 2671 1057 2730 in

94 2763 195 2816 eastra
206 2762 425 2835 pertraxerunt.
451 2758 613 2835 imperator
626 2756 773 2836 extemplo
787 2756 944 2817 adveniens
955 2753 1055 2837 appel·
1069 2761 1100 2810 to

93 2838 190 2910 tatus,
211 2839 397 2919 insigniaque
418 2840 539 2901 honoris
556 2842 697 2902 exterrito
720 2841 833 2904 subitae
850 2842 897 2902 rei
915 2838 1057 2904 miraculo

93 2923 253 2993 deterunt,
286 2930 316 2985 et
336 2924 374 2986 ad
396 2922 501 2985 urbem
522 2924 631 2985 ducere
651 2926 762 2989 iubent.
802 2945 855 2989 sno
877 2927 971 3004 magis
988 2923 1059 2985 inde
1068 2929 1100 2980 lt
1183 2990 1184 2993 Ἴ

94 3008 211 3087 impetu
229 3025 318 3087 quam
328 3007 450 3068 consilio
467 3008 549 3069 ducis
560 3009 704 3072 convulsis
718 3012 810 3092 signis
820 3009 927 3073 infesto
940 3009 1057 3089 agmine

94 3089 135 3152 ad
154 3090 286 3170 lapidem
306 3101 440 3153 octavum
462 3093 539 3164 viae,
560 3111 635 3174 quae
656 3113 735 3156 nunc
755 3097 847 3177 Appia
868 3100 926 3163 est,
953 3108 1056 3172 perve-

97 3176 199 3246 niunt;
222 3175 373 3255 issentque
388 3175 542 3237 confestim
563 3176 601 3237 ad
623 3179 744 3250 urbem,
774 3181 804 3239 ni
830 3179 930 3239 venire
951 3180 1054 3236 contra
1068 3179 1097 3230 17
1183 3184 1184 3189 ’

94 3260 261 3321 exereitum
271 3258 504 3339 dIctatoremque
515 3260 655 3324 adversus
669 3281 701 3323 se
716 3263 754 3324 M.
767 3261 917 3322 Valerium
931 3258 1056 3323 Corvum

93 3342 210 3405 dietum
226 3343 377 3405 audissent
392 3350 422 3404 et
437 3345 610 3422 magistrum
632 3347 762 3425 equitum
777 3345 810 3407 L.
826 3344 980 3406 Aemilium
996 3344 1056 3405 bia·

94 3442 242 3489 mercum.
457 3480 459 3485 .

159 3511 222 3573 XL.
258 3509 315 3572 Ubi
335 3511 463 3590 primum
488 3512 519 3571 in
546 3518 737 3591 conspectum
762 3520 896 3580 rentum,
922 3517 952 3570 et
975 3512 1087 3568 armat
1183 3540 1184 3543 κ
