2290 3920
265 229 520 304 praenuncius.
537 218 636 273 53.54.
657 209 822 293 [a.(i.218]
867 276 871 281 ¹
960 217 1022 280 249

69 374 140 454 peti,
162 376 214 437 sed
230 375 295 437 solo
309 346 410 456 patrio
421 384 572 457 terraque,
595 379 628 438 in
643 396 699 457 qua
714 378 806 456 geniti
819 379 930 450 forent,
953 377 1023 459 pelli

69 459 220 556 liomanos.
249 507 268 558 ’2
316 468 417 523 antem
433 462 655 523 inemiscant“
675 463 728 560 in·
748 461 795 560 it·
837 471 881 560 atr
970 464 1053 523 stria
1136 518 1137 525 ,

7 604 9 607 ,
70 559 92 602 ct
109 560 140 621 cg
165 561 285 620 moenia
306 544 491 629 Carthaginis
514 543 627 606 bellare
652 528 745 624 sobti
772 562 797 604 sr
820 545 937 607 videant
957 565 1020 628 nos
1050 557 1055 567 ’

686 627 796 689 sulares
818 646 855 689 ue
876 632 1022 691 exercitus
1054 649 1057 655 ¹

7 844 8 847 ,
99 795 400 886 prstpenninumque
416 797 479 877 aggi
493 797 531 857 sit
547 814 617 858 suae
635 797 759 871 diciop‘
776 796 927 857 iecissei‘⁴
950 797 1061 856 hacco:
1136 826 1137 829 ¹

68 875 199 938 adsidens·
214 896 306 957 aegro
322 896 378 939 con
391 897 478 958 egae,
499 879 573 940 haec
587 882 618 940 in
632 881 781 958 praetorio
800 896 893 958 prope
909 881 1020 941 contio·
1055 872 1065 947 i

70 958 216 1024 nabundus
234 981 333 1041 agere.
369 961 536 1025 stimulabat
552 971 581 1024 et
599 969 716 1043 tempus
738 964 914 1042 propincum
930 965 1020 1024 comi·

68 1043 183 1116 tiorum,
199 1063 239 1107 ne
251 1049 283 1107 in
294 1062 386 1107 noros
398 1045 532 1108 consules
543 1046 652 1108 bellum
666 1047 848 1118 differretur,
864 1054 894 1108 et
905 1048 1020 1108 occasio
1056 1120 1058 1123 Ι

7 1174 9 1177 ,
69 1125 94 1184 in
113 1145 143 1188 se
167 1144 261 1191 unum
286 1128 445 1191 vertendae
466 1129 590 1208 gloriae,
615 1130 685 1192 dum
707 1148 795 1209 aeger
814 1129 926 1209 collega
948 1136 1020 1191 erat,

7 1232 9 1249 ¹
68 1208 157 1289 itaque
172 1214 353 1293 nequiquam
370 1212 560 1274 dissentiente
576 1214 713 1276 Cornelio
727 1215 826 1294 parari
841 1214 878 1274 ad
897 1215 1048 1293 propin-7

69 1307 128 1354 curn
142 1303 297 1358 certamen
311 1295 419 1377 milites
430 1295 521 1357 iubet.
1014 1374 1016 1381 Α

123 1378 270 1442 Hannibal
282 1399 364 1450 cum,
377 1380 446 1458 quid
459 1381 602 1458 optimum
612 1380 691 1440 foret
702 1379 794 1448 hosti,
811 1388 963 1459 cerneret,
974 1383 1021 1441 vir

68 1458 148 1531 ullam
174 1482 259 1543 spem
285 1463 414 1524 habehat
441 1470 554 1523 temere
576 1469 663 1541 atque
687 1462 841 1541 inprovide
865 1465 1021 1542 quicquam
1066 1482 1069 1527 ζ

61 1545 197 1623 ‘consules
223 1555 359 1614 acturos;
391 1563 459 1606 cum
485 1544 605 1606 alterius
630 1546 795 1623 ingenium,
824 1544 902 1605 lama
928 1548 1071 1625 priusej
1136 1614 1137 1617 Ἴ

69 1623 166 1690 deinde
179 1648 214 1691 re
228 1631 397 1709 cognitum,
418 1631 563 1707 percitum
578 1646 613 1688 ac
633 1628 717 1689 ferox
734 1629 824 1688 sciret
839 1645 918 1698 esse,
943 1629 1021 1688 iero·
1070 1674 1072 1679 ,

69 1709 179 1790 eiusque
194 1713 306 1783 iactum
320 1730 464 1793 prospero
474 1730 541 1775 eum
552 1711 775 1791 praedatoribus
785 1712 846 1773 suis
862 1713 1022 1791 certamine
1136 1766 1137 1769 ,

70 1793 208 1868 crederet,
234 1798 339 1858 adesse
361 1796 509 1874 gerendae
527 1797 572 1856 rei
590 1796 739 1857 fortunam
760 1795 838 1859 haud
862 1795 1021 1858 diffidebat.

70 1875 143 1938 cuius
157 1898 197 1940 ne
212 1881 293 1960 quod
305 1881 554 1960 praetermitteret
569 1887 700 1958 tempus,
720 1878 862 1941 sollicitus
878 1882 1051 1941 intentus-9
1074 1888 1077 1895 ’

71 1973 120 2034 gue
135 1971 212 2035 erat,
236 1965 308 2025 dum
327 1965 385 2024 tiro
404 1963 532 2025 hostium
557 1963 644 2025 miles
667 1970 758 2034 esset,
780 1964 850 2025 dum
867 1963 1021 2026 meliorem

71 2054 102 2099 ex
115 2041 236 2109 ducibus
256 2045 391 2107 inutilem
405 2046 652 2118 vulnus‘faceret
674 2047 743 2109 dum
759 2046 909 2109 Gallorum
930 2047 1020 2108 animi
1030 2053 1064 2105 10

70 2122 207 2200 vigerem,
228 2148 356 2210 quorum
370 2131 522 2207 ingentem
538 2129 757 2193 multitudinem
770 2128 884 2191 sciebat
904 2131 1022 2207 segnius
1136 2186 1137 2195 ,

70 2217 240 2284 secuturam,
257 2220 367 2294 quanto
380 2212 496 2291 longius
510 2208 547 2277 ab
564 2216 651 2276 domo
670 2215 869 2274 traherentur.
900 2231 966 2273 eum
981 2211 1019 2272 ob
1033 2218 1062 2269 11

7 2344 8 2347 ,
72 2284 136 2351 haee
148 2295 275 2378 taliaque
290 2302 423 2376 speraret
442 2299 620 2375 propincum
642 2304 791 2357 certarnen
812 2303 842 2357 et
861 2295 975 2366 iacere,
997 2297 1022 2354 si
1136 2338 1137 2341 η

73 2385 235 2451 cessaretur,
248 2386 371 2459 cuperet
382 2379 641 2459 speculatoresque
650 2379 732 2448 Galli,
744 2377 780 2439 ad
790 2397 824 2440 oa
832 2379 1020 2457 exploranda,
1136 2390 1137 2393 ’

73 2469 139 2530 quae
157 2461 256 2535 uellet,
283 2464 423 2537 tutiores,
448 2467 515 2542 qtria
535 2467 567 2524 in
582 2465 714 2543 utrisque
729 2463 833 2522 castris
847 2461 1020 2531 militabant,
1045 2502 1048 2505 -
1136 2528 1137 2531 Ἴ

73 2548 181 2612 paratos
198 2565 315 2626 pugnae
333 2565 400 2611 esse
412 2543 562 2613 Romanos
576 2546 772 2614 rettulissent,
793 2545 890 2605 locum
907 2545 1022 2606 insidiis

74 2619 311 2708 circumspectare
324 2634 442 2696 Poenus
457 2633 563 2710 coepit.
606 2628 675 2690 LIV.
706 2629 778 2690 Erat
789 2629 821 2688 in
831 2629 930 2688 medio
942 2630 1048 2688 mvusl
1136 2656 1137 2663 κ

74 2708 200 2776 praealtis
218 2716 367 2797 utrimque
389 2713 503 2779 clausus
520 2715 592 2794 ripis
608 2720 638 2773 et
653 2713 731 2774 circa
752 2711 864 2773 obsitus
885 2710 1021 2790 palustri·
1136 2726 1137 2729 ’

75 2779 123 2845 bus
139 2790 238 2858 herbis
253 2800 424 2880 atquibus
443 2798 553 2861 inculta
573 2798 668 2859 ferme
689 2797 869 2865 vestiuntur,
890 2795 1022 2874 virgultis

7 2870 8 2877 ἵ
76 2873 272 2963 vepribusque,
296 2903 385 2964 quem
398 2883 451 2946 ubi
465 2882 576 2963 equites
591 2899 707 2963 quoque
722 2881 849 2959 tegendo
865 2881 935 2942 satis
950 2881 1021 2940 late·
1136 2932 1137 2949 ξ

77 2943 186 3047 hiesum
201 2961 299 3029 locum
316 2970 527 3028 circumvectus
541 2968 605 3045 ipse
622 2964 715 3027 oculis
729 2963 929 3043 perlustravit,
947 2964 1021 3033 „hic
1136 2996 1137 2999 =

79 3041 128 3094 ent
138 3037 242 3110 locus“
270 3052 388 3130 Magoni
400 3052 486 3112 fratri
499 3052 553 3117 ait,
567 3067 682 3129 „quem
696 3055 806 3108 teneas.
840 3046 934 3124 delige
950 3053 1046 3105 cen-a

78 3116 155 3185 tenos
173 3133 249 3194 viros
263 3154 299 3196 ex
314 3137 395 3196 omni
415 3134 513 3213 pedite
532 3140 619 3211 atque
635 3132 746 3210 equite,
770 3148 837 3192 cum
859 3127 965 3209 qtdhus
984 3129 1036 3209 ad
1136 3172 1137 3195 1

79 3210 222 3287 mevigtlia
233 3221 328 3296 prima
339 3220 453 3288 venias;
467 3233 547 3278 nnnc
558 3231 683 3293 corpora
699 3231 803 3274 curare
819 3221 934 3290 tempus
948 3220 1034 3287 est‘(
1136 3246 1137 3297 p

79 3276 114 3341 ¹1²
133 3303 307 3366 Praetorium
327 3303 460 3363 missum.
489 3317 558 3360 mox
577 3316 645 3359 eum
667 3295 788 3357 delectis
804 3297 889 3375 Mago
910 3296 1050 3358 ademta
1136 3302 1137 3349 t

81 3404 97 3429 2,
103 3370 203 3439 robora
212 3385 340 3446 uirorum
353 3392 464 3446 cerno“
479 3378 744 3463 inquitilannibal;
759 3379 832 3451 „sed
843 3381 887 3441 uti
897 3398 1021 3442 numero

82 3448 176 3532 etiam,
187 3480 244 3527 non
256 3470 359 3530 animis
372 3468 460 3535 modo
469 3466 602 3533 valeatis.
619 3462 741 3545 singulis
750 3463 832 3526 vobis
846 3482 975 3527 novenos
986 3481 1022 3523 ex
