2280 3926
109 226 151 286 90
278 238 371 281 umes
385 237 454 281 vm,
480 224 665 279 1111131.
684 217 724 300 [a.
740 241 771 281 u.
788 217 892 302 1432]
965 274 969 278 .

111 395 180 457 tatu,
195 396 228 446 ut
241 383 349 447 vallum
363 392 530 464 peteretur,
544 403 676 465 opusque
691 386 850 463 inciperet,
864 383 928 446 fieri
939 403 999 448 non
1010 405 1067 466 po·

80 477 194 533 uteret
214 471 313 549 itaque
327 467 380 529 ubi
393 487 489 549 neque
504 468 593 530 eundi
609 486 705 548 nequo
719 468 859 530 manendi
869 471 984 548 copiam
1000 488 1067 532 esse

108 553 200 624 ridet,
220 554 342 614 instruit
367 555 461 614 aciem
482 552 690 631 inpedimentis
720 570 756 612 ex
788 553 905 630 angne
929 553 1064 615 remotis.

106 640 256 698 instruunt
278 644 381 697 contra
403 645 433 696 et
453 637 568 713 hostes,
597 644 626 696 et
646 636 751 696 animis
774 644 804 694 et
829 634 941 697 viribus
966 655 1067 716 pares.

76 727 227 782 oauxorat
240 720 270 780 id
287 722 414 781 maxime
430 720 558 791 animos,
574 717 652 798 quod
671 720 768 798 ignari
786 717 852 779 loco
873 720 989 799 iniquo,
1004 738 1067 781 non

107 804 184 865 hosti
199 822 330 874 cessum,
347 801 426 864 velut
441 803 587 881 fugientes
601 821 635 864 ac
649 804 768 863 territos
781 800 931 863 terribiles
946 805 1004 881 ipsi
1018 822 1066 864 sc·

65 895 99 946 10
110 890 170 949 cuti
185 888 309 952 fuerant.
341 887 370 947 id
385 885 563 966 aliquamdiu
579 888 712 965 aequavit
727 902 856 965 pugnam
873 887 1066 966 iampridem

107 972 227 1032 desueto
240 972 370 1033 Sammte
385 968 545 1036 clamorem
559 971 685 1031 Romani
699 971 846 1035 exercitus
856 972 925 1048 pati.
947 978 979 1030 et
994 971 1068 1031 her-

107 1054 172 1116 cule
185 1053 236 1114 illo
249 1054 295 1114 die
310 1053 346 1114 ah
361 1054 435 1113 bora
447 1053 505 1114 diei
514 1055 602 1115 tertia
618 1053 654 1113 ad
669 1060 800 1114 octavam
811 1054 855 1113 ita
866 1070 976 1132 anceps
991 1053 1067 1119 dioi-

104 1146 154 1199 tur
175 1143 325 1199 certamen
341 1137 469 1207 stetisse,
492 1144 526 1198 ut
544 1155 639 1217 neque
661 1135 787 1204 clamor,
808 1143 842 1197 ut
858 1138 954 1216 primo
970 1137 1067 1199 semel

106 1237 251 1282 concursu
269 1228 313 1280 cst
330 1218 476 1291 sublatus,
496 1222 620 1282 iteratus
638 1222 691 1291 sit,
712 1239 807 1300 neque
827 1220 910 1298 signa
926 1229 1067 1299 promota

106 1303 170 1364 loeo
186 1310 303 1364 retrove
318 1311 454 1382 recepta,
478 1322 573 1383 neque
594 1321 748 1365 recursum
768 1303 805 1363 ab
826 1302 886 1364 ulla
907 1305 946 1366 sit
967 1313 1065 1384 parte.

63 1389 137 1448 11111
152 1406 204 1449 suo
219 1388 351 1467 quisquis
364 1388 458 1464 gradu
472 1386 573 1449 obnixi
586 1397 727 1465 urgentes
740 1389 831 1449 scutis
852 1390 916 1448 sine
933 1390 1066 1467 respira·

104 1473 184 1533 bone
200 1489 235 1531 ac
248 1479 387 1551 respectu
404 1470 590 1551 pugnabant:
613 1471 748 1533 fremitus
769 1470 897 1550 aequalis
917 1479 1065 1552 tenorque

104 1556 183 1617 idem
198 1573 315 1634 pugnae
331 1557 363 1615 in
379 1555 618 1634 defatigationem
633 1554 765 1615 ultimam
781 1561 830 1615 aut
845 1564 963 1615 nouem
977 1575 1065 1635 spec·

45 1648 95 1707 512
106 1637 195 1700 tabat.
233 1640 293 1700 iam
316 1637 828 1711 1111111111,111111111011111,
858 1639 917 1698 iam
940 1638 1065 1703 consilia

14 1708 57 1811 {dp
105 1712 454 1805 ducibus'fdefejrant‘qcum
470 1716 761 1803 suhitobamuitium
771 1716 898 1800 equites,
918 1721 985 1783 cuin
999 1731 1063 1783 tur-

104 1804 352 1883 ma'unalongius
371 1810 510 1885 provecta
531 1804 715 1882 accepissent
733 1805 934 1884 inpedimenta
953 1805 1063 1868 Roma·

104 1907 209 1950 norum
225 1888 330 1968 procul
345 1886 382 1947 ab
398 1888 518 1948 armatis
534 1889 598 1947 sine
612 1887 774 1966 praesidio,
796 1889 860 1948 sine
877 1890 1063 1951 munimento

62 1980 94 2032 13
105 1980 198 2042 stare,
215 1971 350 2032 aviditate
367 1969 495 2049 praedae
506 1972 650 2049 impetum
662 1970 782 2032 faciunt.
813 1971 892 2051 quod
903 1972 954 2033 ubi
969 1972 1063 2034 dicta·

93 2057 160 2116 tori
178 2055 311 2133 trepidos
325 2055 445 2114 nundus
460 2053 578 2115 adtulit:
600 2055 689 2126 „sine
705 2055 792 2116 modo
804 2063 823 2087 ⁴·
844 2057 954 2135 inquit,
970 2075 1063 2127 „sese

102 2139 211 2217 praeda
226 2136 448 2217 praepediant.“
474 2136 522 2197 alii
538 2137 645 2198 deinde
656 2156 745 2215 super
759 2137 832 2199 alios
846 2139 935 2218 diripi
950 2143 1062 2219 passim

102 2223 233 2300 ferrique
257 2222 390 2282 fortunas
406 2218 531 2281 militum
550 2220 796 2284 vociferabantur.
836 2229 897 2284 tom
919 2225 1062 2301 magistro

62 2306 235 2382 {aequitum
252 2306 359 2365 accito:
376 2303 481 2374 „vides
497 2310 555 2364 tu“
568 2305 675 2383 inquit,
696 2304 862 2376 ,11111111
878 2305 916 2366 ab
931 2306 1060 2368 hostium

102 2388 200 2465 equite
220 2389 358 2447 omissam
381 2387 529 2466 pugnam?
563 2387 688 2449 haerent
708 2387 831 2467 inpediti
851 2389 1061 2467 inpedimentis

61 2478 92 2531 15
104 2471 223 2530 nostris.
253 2469 431 2550 adgredere,
446 2469 526 2551 quod
544 2472 622 2531 inter
638 2471 840 2551 praedandum
859 2474 941 2532 omrai
961 2472 1059 2534 multi·

100 2555 196 2616 tudini
215 2557 325 2626 evenit,
349 2556 518 2635 dissipatos:
547 2572 632 2616 raros
654 2556 735 2635 equis
759 2554 934 2625 insidentes,
966 2575 1058 2627 raros,

101 2639 207 2718 quibus
220 2639 332 2700 ferrum
344 2640 376 2699 in
390 2657 480 2700 manu
492 2639 530 2699 sit
543 2640 688 2708 invenies;
704 2656 852 2718 equosque
867 2639 937 2700 dum
949 2640 1057 2719 praeda

101 2728 240 2792 onerant,
256 2722 345 2783 caede
359 2724 489 2783 inermes
501 2730 712 2802 cruentamque
729 2721 787 2782 illis
800 2723 941 2803 praedam
957 2724 1056 2784 redde.

60 2811 92 2862 16
102 2804 174 2864 mibi
193 2804 325 2881 legiones
342 2804 533 2883 peditumque
558 2823 656 2883 pugna
680 2823 769 2867 curae
790 2815 891 2875 erout3
917 2824 1013 2886 penes
1029 2814 1058 2865 te

102 2895 237 2965 equestre
252 2889 291 2946 sit
305 2886 426 2947 decus.“

73 2977 85 3029 1
160 2969 288 3032 XXXIX.
314 2970 452 3048 Equitum
465 2971 550 3041 acies,
567 2969 660 3049 qualis
672 2969 777 3053 [quae]
791 2990 854 3034 esse
865 2973 1056 3034 instructissi-

102 3074 149 3116 ma
163 3060 275 3132 potest,
291 3053 406 3115 invecta
419 3055 451 3113 in
464 3053 617 3133 dissipatos
632 3055 838 3135 inpeditosque
852 3056 954 3118 hostes
968 3055 1054 3118 caede

71 3140 198 3199 comnia
216 3134 319 3218 replet.
352 3139 430 3199 inter
444 3139 575 3198 sarcinas
595 3139 718 3200 11111111
732 3146 871 3218 repente,
887 3139 1055 3200 obiacentes

100 3220 226 3296 pedihus
243 3221 417 3300 fugientium
441 3218 755 3301 consternatorumque
775 3241 934 3302 equorum,
961 3239 1054 3302 neque

72 3307 216 3378 opugnae
227 3321 324 3383 neque
338 3306 424 3383 fugae
439 3306 509 3365 satis
522 3312 658 3385 potentes
681 3306 852 3368 caeduntur.
881 3314 944 3368 tum
959 3306 1053 3367 deleto

100 3399 193 3460 propo
214 3387 344 3462 equitatu
365 3389 494 3448 hostium
513 3388 552 3449 M.
575 3386 684 3449 Fabius
706 3389 913 3450 circumductis
934 3388 1053 3468 paulum

70 3464 153 3524 aclis
169 3462 205 3524 ab
220 3473 304 3541 tergo
317 3470 486 3546 pedestrem
506 3472 598 3532 aciem
619 3471 759 3533 adoritur.
791 3472 903 3539 clamor
917 3473 989 3535 inde
1004 3488 1053 3533 no·
