2290 3920
144 245 207 308 266
341 258 435 301 creec
449 259 526 309 mr.
545 256 615 300 cnr.
634 243 661 298 d.
672 245 698 294 7.
714 234 753 317 [e.
767 260 797 299 u.
813 259 837 297 e.
851 233 910 316 537]

104 416 133 473 ,7
145 423 298 486 capessere
316 407 415 484 lugam
429 403 583 483 inpulerit,
608 422 683 484 quae
696 403 747 465 ubi
764 407 896 464 inmensa
911 419 943 462 ac
963 402 1020 461 sine
1035 417 1077 478 spe

99 486 109 567 ,ἕ
146 497 224 561 erat,
238 496 288 550 aut
303 488 505 550 deficientibus
520 490 625 549 animis
641 487 851 551 hauriebantur
873 483 1025 564 gurgitibus
1039 491 1077 543 aut

98 594 106 663 g
145 575 322 653 nequiquam
344 573 414 634 fessi
435 571 506 631 vade
529 579 610 632 retro
635 573 799 649 aegerrime
825 568 991 648 repetebant
1007 574 1077 646 atquc

101 674 107 739 q
144 656 186 717 ibi
202 657 238 718 ab
258 658 399 735 ingressis
416 673 521 734 aquam
543 656 669 716 hostium
687 652 833 734 equitibus
854 654 959 737 passim
973 650 1077 712 trucide

116 738 260 802 libantur.
296 738 435 802 sexmilia
453 739 547 800 ferme
558 740 647 818 primi
659 739 784 817 agminis
800 755 854 817 per
865 734 1077 798 adversosbostb

103 846 104 849 ¹
146 826 300 903 eruptione
315 825 431 903 inpigre
442 821 533 892 lacta,
551 824 648 901 ignari
663 823 808 890 omnium,
824 838 899 900 quae
913 826 977 899 post
987 836 1015 878 se
1026 835 1077 894 age·

146 915 266 979 rentur,
283 927 319 968 ex
335 905 410 969 saltu
425 923 558 975 evasere,
575 913 613 976 et,
629 923 695 966 cum
712 906 744 965 in
759 904 871 965 tumulo
887 902 1007 983 quodam
1024 918 1077 961 cou-

145 993 302 1061 stitissent,
321 990 479 1051 clamorem
495 989 583 1050 modo
595 1007 629 1049 ac
648 1007 753 1049 sonum
774 1005 925 1049 armorum
940 986 1077 1052 audientes

147 1092 222 1154 quae
242 1076 360 1135 fortuna
380 1090 496 1152 pugnae
521 1079 612 1142 esset,
641 1090 737 1152 neque
757 1073 834 1132 scire
853 1089 910 1131 nec
935 1070 1078 1150 perspicere

117 1164 216 1237 iprae
231 1157 354 1235 caligine
374 1164 520 1235 poterent.
552 1154 690 1216 inclinata
708 1155 834 1234 denique
857 1174 891 1215 re
909 1170 975 1216 cum
991 1149 1077 1213 locale

145 1250 245 1301 scente
266 1240 327 1300 sole
345 1238 473 1318 dispulsa
492 1238 600 1300 nebule
617 1239 780 1319 aperuisset
794 1239 888 1310 diem,
913 1246 973 1298 tum
993 1233 1078 1316 liquide

145 1325 202 1384 iam
217 1324 283 1387 lnce
298 1329 412 1384 montes
428 1325 582 1403 campique
597 1321 727 1401 perditas
742 1340 790 1382 res
810 1329 989 1401 stratamque
1003 1326 1077 1381 osten·

102 1413 136 1466 10
147 1407 217 1467 dere
239 1407 324 1468 foede
343 1407 505 1468 Romanam
527 1407 629 1467 aciem.
672 1408 785 1486 itaque,
815 1424 852 1467 ne
878 1408 909 1466 in
933 1408 1079 1483 conspectos

89 1494 103 1585 q
144 1490 249 1570 procul
272 1491 471 1552 inmitteretur
493 1507 598 1569 eques,
624 1488 746 1551 sublatis
773 1491 880 1569 raptim
902 1490 991 1569 signis
1009 1500 1077 1566 quan

89 1580 133 1632 ⁴11
147 1577 316 1636 citatissimo
331 1581 467 1654 poterant
481 1576 599 1652 agmine
609 1591 674 1636 sese
685 1573 889 1653 abripuerunt.
918 1581 1029 1653 postero
1038 1568 1076 1633 dic

145 1677 211 1719 oum
239 1677 327 1737 snper
347 1665 445 1718 cetera
464 1665 595 1718 extrema
621 1658 712 1718 lamcs
740 1659 827 1718 etiam
850 1659 987 1724 instaret,
1012 1652 1078 1713 iden

84 1778 91 1827 ;
145 1741 233 1803 dante
256 1738 438 1812 Maharbale,
465 1743 515 1821 qui
541 1759 608 1803 cum
633 1741 771 1803 omnibus
797 1739 982 1819 equestribus
1009 1734 1077 1814 copiis

85 1852 91 1863 υ
145 1831 231 1884 nocte
259 1832 433 1885 consecutus
455 1830 532 1894 erat,
558 1827 583 1884 si
606 1843 688 1885 arma
706 1823 913 1895 tradidissent,
937 1822 1014 1883 abire
1030 1832 1077 1879 cum

82 1888 92 1989 ξ
104 1905 266 1984 lesingulis
291 1907 471 1967 vestimentis
497 1924 666 1985 passurum,
694 1926 759 1970 sese
789 1906 977 1968 dediderunt.
1024 1914 1078 1981 quit

144 1989 255 2050 Punica
270 1988 413 2065 religione
430 1998 543 2051 servata
564 1989 636 2050 fides
650 1989 686 2049 ab
701 1989 866 2052 Hannibale
881 1998 941 2060 est,
967 1984 1078 2066 etquein

143 2071 257 2134 uincula
273 2089 376 2133 omnes
390 2072 524 2131 conlecit.

115 2162 129 2213 1
205 2156 264 2217 Vll.
297 2156 377 2216 llaec
394 2162 439 2216 est
456 2154 562 2215 nobilis
583 2153 620 2214 ad
638 2156 874 2218 Trasumennum
899 2174 996 2236 pugna
1014 2160 1079 2230 atqu

115 2242 220 2301 einter
236 2257 345 2319 paucas
359 2245 521 2300 memorata
533 2238 635 2318 populi
649 2239 773 2301 Romani
788 2239 897 2303 clades.
937 2234 1078 2320 quindecim

88 2352 94 2383 ,-
143 2324 223 2384 milia
238 2322 438 2386 Romanorum
452 2324 484 2383 in
499 2325 562 2383 acie
578 2339 677 2392 oaesa;
699 2323 803 2384 decern
818 2324 898 2385 milia
913 2341 1010 2404 sparsa
1028 2318 1077 2391 luet

83 2460 89 2469 ,
143 2425 335 2486 peromnem
363 2406 509 2468 Etruriam
532 2407 654 2467 dirersis
670 2406 825 2468 itineribus
845 2408 952 2468 urbem
979 2403 1075 2484 petiere·

98 2491 201 2573 ¹idue
219 2490 299 2552 milia
318 2491 470 2571 quingenti
492 2490 619 2553 bostium
635 2492 666 2551 in
683 2492 760 2559 acie,
776 2490 860 2551 mnlti
880 2499 984 2571 postea
998 2485 1076 2548 uuio·

98 2588 103 2603 ·
387 2576 394 2590 ·
534 2577 541 2590 ·
727 2575 733 2588 ·
1001 2572 1007 2584 ·
1050 2576 1075 2623 uc

96 2573 1075 2737 ncerneremur·,fetidumque

142 2749 219 2803 stum
232 2760 267 2803 ex
280 2760 354 2802 vano
363 2740 464 2810 relim,
484 2761 542 2820 quo
553 2743 641 2801 nimis
652 2739 795 2800 inclinant
805 2742 898 2801 ferme
907 2733 1074 2800 scribentium

102 2854 107 2861 ⁴
144 2826 247 2892 animi,
274 2822 395 2884 Fabium
418 2824 570 2902 aequalem
590 2823 773 2903 temporibus
792 2823 913 2885 huiusce
933 2820 1016 2891 belli,
1037 2829 1074 2894 pb

98 2908 286 2968 ·5tissimum
303 2914 451 2966 auctorem
474 2906 572 2967 habui.
604 2906 748 2968 Hannibal
764 2910 958 2987 captivorum,
980 2903 1024 2982 qui
1035 2898 1073 2957 le·

142 2991 195 3050 tini
211 2991 338 3050 nominis
353 2994 466 3057 essent,
482 2991 545 3051 sine
561 2993 657 3069 pretio
676 2992 817 3061 dimissis,
835 2991 974 3053 Romanis
987 2989 1015 3046 in
1028 2981 1072 3072 viti·

103 3112 110 3149 ,1
142 3073 207 3135 cula
223 3071 310 3143 datis,
334 3079 487 3149 segregata
509 3091 544 3133 ex
565 3075 692 3134 hostium
715 3081 952 3136 coacervatorum
973 3059 1071 3130 cumulo

101 3168 114 3221 :i
141 3175 265 3236 corpora
287 3172 408 3217 snorum
429 3172 495 3218 cum
522 3157 641 3237 sepeliri
664 3159 809 3228 iussisset,
838 3156 961 3218 Flamini
979 3156 1071 3242 quoqu⁰

1123 3162 1125 3193 l

98 3236 114 3327 ἶ
142 3257 248 3379 eorptus
264 3240 378 3301 luneris
392 3256 480 3302 eausa
496 3259 682 3321 magnacum
699 3259 769 3303 cura
784 3242 953 3321 inquisitum
969 3250 1022 3296 non
1038 3240 1070 3286 1⁰·
1123 3208 1125 3241 ⁴

96 3330 103 3377 ‘c'
139 3337 227 3379 rem.

100 3407 128 3463 ιθ
202 3401 312 3464 llomae
337 3409 373 3469 ad
396 3413 523 3490 primum
546 3412 680 3471 nuntium
702 3408 792 3470 cladis
810 3409 872 3469 eius
895 3422 964 3466 cum
983 3386 1072 3475 insitii¹

140 3488 254 3541 terrore
270 3502 307 3544 ac
328 3492 454 3552 tumultu
469 3509 630 3552 concursus
649 3494 679 3552 in
701 3492 797 3553 iorum
820 3489 918 3572 populi
935 3482 1072 3547 estractus
