2280 3926
139 230 202 293 156
315 244 410 285 ursae
422 246 453 285 x.
470 244 538 286 usn.
555 231 582 284 8.
597 229 622 284 9.
640 219 679 305 [a.
694 247 726 286 u.
744 245 770 284 c.
783 231 841 284 454.
855 220 917 306 455]

136 409 195 472 que
210 393 274 452 erit.
308 409 500 470 enumquam
520 391 609 453 lando
624 392 745 454 audistis
760 391 900 472 patricios
917 390 1007 470 prime
1019 405 1073 451 esse

135 475 229 536 factus
239 492 300 537 nen
311 474 348 535 de
359 473 440 536 caele
451 476 607 546 demissas,
623 475 676 537 sed
686 476 738 555 qul
747 475 951 556 patrem'clere
960 480 1072 555 possent

95 566 126 620 11
139 558 170 618 ld
185 566 229 620 est
243 557 316 620 nihil
332 557 410 621 altra
429 576 518 639 quam
539 560 701 638 ingenuos?
732 557 882 620 consulem
901 559 958 619 iam
976 564 1073 636 patrem
1118 622 1119 637 ἶ

98 664 105 673 “
137 644 215 704 ciere
229 660 364 722 pessum,
389 645 602 723 avumqueiam
616 645 727 723 peterit
741 642 925 704 hliusmeus.
957 639 1025 702 nihil
1039 647 1073 700 est
1117 672 1119 709 J

137 726 271 788 alludia
291 745 340 798 re,
361 727 502 798 Quirites,
523 728 580 786 nisi
595 736 628 788 ut
642 728 740 789 omnia
761 732 867 805 negata
882 725 1072 804 adlplseamnr:

137 818 287 872 certamen
299 817 412 871 tantum
423 811 539 890 patricii
550 818 654 890 petum
664 826 721 871 nec
730 816 843 880 curant,
859 815 1080 889 quemcrcnluu

95 900 127 951 12
138 897 331 956 certaminum
340 893 477 954 habeant.
503 892 1073 974 egohanelegem,qucdhcnumlaustuln

135 976 264 1058 felixque
278 979 316 1038 sit
328 976 411 1037 vehis
422 994 457 1038 ac
470 980 515 1038 rei
532 976 680 1057 publicae,
697 978 740 1039 uti
752 992 840 1056 regas
853 975 1071 1038 iuhendam‘cen·

111 1067 221 1122 1seu.“
243 1060 311 1122 lli.
339 1059 452 1121 Vocare
464 1060 558 1123 trihus
577 1059 724 1140 extemplo
745 1059 873 1141 populus
886 1059 1016 1128 lubebat,
1031 1074 1072 1136 ap

135 1143 317 1224 parehatque
331 1144 426 1222 accipi
440 1143 550 1221 legem;
569 1144 618 1205 ille
633 1152 733 1206 umen
748 1144 810 1206 dies
823 1145 1074 1205 intercessionecsl

134 1224 275 1288 sublatus.
306 1233 425 1305 postero
444 1226 491 1288 die
508 1225 656 1289 deterritis
669 1227 796 1289 tribunis
818 1229 933 1307 ingenti
949 1240 1074 1288 causamn

108 1317 256 1390 taccepta
279 1317 334 1384 est,
377 1311 533 1390 pontifices
551 1319 689 1373 creantur
712 1329 815 1374 suasor
838 1311 913 1391 legis
934 1311 966 1372 P.
988 1309 1073 1372 lleclut

134 1392 213 1464 llus,
237 1392 270 1455 P.
284 1390 476 1475 Sempronius
491 1396 621 1476 Sophus,
642 1396 673 1458 (l.
691 1394 818 1457 Marcius
837 1394 966 1466 Rutilus,
990 1393 1024 1454 ll.
1037 1390 1073 1452 h·-

134 1478 197 1539 vius
207 1477 332 1551 Denter,
347 1482 476 1560 quinque
491 1497 618 1558 augures
634 1480 705 1540 item
719 1479 756 1540 de
770 1478 874 1560 plebe:
891 1480 923 1541 C.
938 1477 1072 1541 Genuum

134 1561 167 1622 P.
188 1562 287 1625 hellus
311 1562 432 1634 Paetus,
454 1563 492 1625 ll.
519 1564 663 1625 Minucius
683 1562 807 1634 Faesus,
837 1564 869 1626 G.
894 1563 1027 1630 Marcius,
1047 1555 1072 1616 T·

133 1645 286 1788 ξιὼίϋίιιθ.
318 1649 357 1708 ila
373 1655 439 1708 ecto
461 1648 648 1726 pontificum,
672 1664 777 1708 nerem
792 1664 939 1726 augurum
956 1655 1073 1706 numeru

147 1737 239 1792 actus.

106 1819 123 1870 a
196 1812 309 1874 Eodem
323 1831 401 1874 anne
412 1810 450 1875 ni.
465 1811 598 1873 Valerius
609 1813 711 1875 consul
724 1815 762 1874 de
775 1816 985 1893 provocatione
996 1812 1073 1890 legem

135 1892 203 1954 tulit
216 1894 385 1974 diligentius
400 1902 540 1973 sanctam,
567 1898 656 1957 tertio
672 1914 706 1959 ea
720 1906 783 1958 tum
796 1905 864 1977 post
879 1917 966 1979 reges
976 1900 1073 1959 exactus

109 1977 193 2037 slata
205 1985 263 2047 est,
279 1997 396 2058 semper
408 1998 424 2041 a
435 1976 544 2040 familia
557 1979 669 2041 eadem.
698 1998 815 2041 causam
829 1981 1012 2044 renovandae
1024 1992 1072 2037 sac·

133 2060 200 2141 pius
221 2062 300 2123 haud
317 2062 404 2124 aliam
425 2062 514 2124 luisse
528 2081 612 2135 reor,
636 2082 724 2143 quam
745 2065 824 2143 quod
844 2066 913 2144 plus
935 2064 1072 2145 paucemm

134 2164 206 2225 opes
219 2165 308 2227 quam
322 2145 444 2208 libertas
457 2145 552 2226 plebis
567 2153 693 2227 poterat.
732 2146 837 2209 Porcia
852 2156 953 2211 tamen
969 2148 1013 2209 lex
1025 2139 1072 2205 sola

134 2248 189 2309 pro
211 2238 296 2309 tergo
313 2231 419 2292 civium
432 2229 491 2292 lata
505 2232 635 2300 videtur,
658 2230 737 2309 quod
761 2234 843 2310 gravi
856 2251 969 2312 poena,
988 2231 1012 2290 si
1023 2225 1072 2307 qult

105 2312 319 2376 everberasset
340 2322 511 2376 necassetve
525 2317 618 2375 civem
633 2312 813 2384 Romanum,
835 2318 947 2387 sanxlt;
979 2309 1071 2373 Valeria

133 2394 180 2456 lex
198 2415 265 2459 cum
282 2416 364 2468 eum,
379 2400 430 2478 qui
444 2404 647 2476 provocasset,
667 2398 757 2476 virgis
772 2398 855 2460 caedi
869 2401 1020 2478 securique
1032 2408 1070 2452 ne·

134 2482 196 2541 cari
222 2483 374 2552 vetuisset,
399 2483 426 2541 si
446 2482 511 2562 quis
537 2480 676 2542 adversus
694 2499 730 2541 ea
758 2481 893 2556 lecisset,
920 2480 992 2545 nihil
1012 2472 1070 2538 utra

106 2571 221 2644 nquam
235 2611 254 2636 „
260 2565 386 2646 inprobe
398 2566 508 2627 lactum
516 2573 533 2597 “
549 2564 665 2626 adiecit.
694 2565 739 2635 id,
756 2567 879 2645 quitum
890 2556 1069 2646 pudorhomi·

133 2667 204 2710 num
218 2658 298 2722 erat,
312 2650 406 2711 visum
418 2649 507 2711 crede
518 2647 667 2710 vinculum
678 2650 748 2710 satis
760 2648 887 2711 validum
899 2650 981 2729 legis.
998 2653 1071 2735 Ψ

133 2733 295 2793 virserurs
310 2751 362 2793 ero
376 2736 416 2793 ita
432 2732 561 2794 minetur
596 2734 640 2794 uis
732 2779 739 2793 .

105 2825 120 2872 7
196 2800 311 2876 Beturrll
329 2801 365 2876 ah
380 2801 485 2876 colem
500 2814 623 2877 consule
646 2815 871 2897 haudquaquam
898 2805 1067 2879 memorabili

22 2970 26 2971 γ
134 2897 274 2958 adversus
287 2894 466 2959 rebellantes
481 2899 615 2978 Aequos,
631 2918 699 2961 cum
713 2908 833 2980 praeter
847 2901 961 2963 animes
976 2899 1068 2960 serenet

105 2979 207 3043 anihil
221 2999 258 3041 ex
270 2982 388 3060 antiqua
406 2982 524 3043 fortuna
539 2981 699 3054 haherent,
722 2990 836 3062 gestum
850 2991 903 3045 est.
929 2985 1001 3045 alter
1015 2989 1067 3038 corr

133 3065 179 3128 sul
193 3064 334 3145 hpuleius
353 3067 384 3126 in
405 3065 526 3127 Umbria
542 3065 709 3146 Nequinum
731 3068 875 3147 oppidum-
892 3057 1066 3128 cucumelli

132 3148 215 3211 loeus
231 3157 295 3211 erat
306 3147 415 3212 arduus
426 3157 514 3230 atque
531 3151 563 3210 in
582 3157 668 3230 parte
685 3168 744 3211 una
765 3169 921 3231 praeceps,
942 3149 991 3212 uhi
1005 3152 1067 3205 nunt

105 3231 242 3294 9Narnia
256 3236 311 3294 sita
326 3241 383 3307 est,
403 3252 460 3295 nec
478 3236 506 3294 vi
526 3252 582 3296 nec
601 3234 786 3295 munlmento
801 3236 867 3315 capi
884 3239 1004 3314 poterat
1027 3226 1066 3286 lh·

135 3330 192 3390 que
218 3332 283 3376 eam
311 3318 450 3380 inlectam
477 3334 540 3379 rem
566 3318 606 3378 ll.
632 3316 751 3379 Fulvius
774 3319 881 3380 Paetus
904 3319 939 3381 Τ.
964 3307 1067 3379 nauhu

92 3399 126 3450 10
135 3392 302 3471 Torquatus
316 3403 383 3460 novi
398 3399 534 3463 consules
549 3411 735 3481 acceperuut
768 3403 800 3463 in
816 3416 1001 3465 ecmannum
1014 3401 1066 3452 σω

135 3474 170 3544 Q·
186 3473 309 3536 Fabium
329 3484 479 3544 consulem
502 3500 563 3544 nen
583 3490 733 3562 petentem
755 3504 859 3549 omnes
873 3485 1001 3548 dicerent
1013 3485 1066 3534 cen·
