2350 3922
239 210 332 253 nmen
345 209 435 253 xxm.
451 208 518 252 car.
531 197 575 251 48.
590 197 634 251 49.
652 187 691 271 [a.
709 190 744 252 O.
756 188 818 272 elo]
948 194 1009 258 369

10 382 13 387 ·
45 369 141 431 esset,
158 361 195 420 iis
209 359 313 439 primis
328 357 500 419 solveretur.
530 358 605 418 haec
622 366 740 437 praetor
754 360 785 419 in
798 360 936 419 contione
947 358 1008 419 edi·
1020 366 1052 417 la

44 448 106 517 xit,
125 461 243 526 quoque
254 444 303 503 die
317 443 487 502 vestimenta
504 440 684 503 frumentum
699 442 886 522 Hispaniensi
899 444 1011 503 exerci-

47 533 90 592 tui
111 525 282 609 praebenda
305 543 438 606 quaeque
460 522 515 587 alia
537 544 611 606 opus
631 534 730 588 essent
752 524 904 599 navalibus
924 528 1011 587 sociis

46 620 128 675 esset
143 610 302 673 locaturus.

110 695 214 758 XLIX.
244 691 300 754 Ubi
318 694 351 753 e'a
366 693 429 754 dies
441 695 533 763 venit,
550 693 587 753 ad
603 693 826 755 conducendum
843 701 903 754 tres
918 693 1039 753 socie-1

47 789 125 844 tates
139 780 263 840 aderant
273 779 427 839 bominum
441 777 637 853 undeviginti,
654 795 780 857 quorum
792 777 850 837 duo
864 775 1009 857 postulata

47 866 145 935 arere,
158 880 258 931 unum,
270 869 304 922 ut
316 860 419 921 militia
430 869 576 931 vacarent,
593 861 662 921 dum
677 862 708 921 in
724 878 758 920 eo
773 858 891 940 publico
903 864 1040 929 essenti

49 949 195 1016 alterum,
212 955 258 1016 ut,
274 962 349 1024 quae
363 947 394 1004 in
409 962 498 1006 nares
511 945 723 1023 inposuissent,
740 943 777 1004 ab
793 945 921 1006 hostium
937 951 1011 1004 tem·

9 1092 10 1095 ,
49 1031 232 1113 pestatisque
250 1030 278 1089 vi
298 1027 415 1108 publico
432 1027 564 1109 periculo
580 1037 687 1089 essent.
724 1035 849 1107 utroque
864 1031 1038 1106 inpetrat03

9 1120 10 1135 ²
49 1115 273 1183 conduxerunt,
293 1114 464 1192 privataque
485 1115 610 1192 pecunia
625 1130 674 1173 res
687 1110 804 1191 publica
826 1113 1012 1175 administra·

48 1208 119 1261 tast.
146 1198 168 1256 ii
182 1215 280 1258 mores
296 1215 388 1275 eaque
405 1198 510 1258 caritas
524 1198 635 1274 patriae
650 1214 704 1275 per
715 1213 818 1256 omnes
833 1197 951 1265 ordines
963 1213 1011 1256 re·

9 1334 10 1361 p
46 1283 95 1344 lut
113 1288 217 1340 tenore
231 1298 290 1340 uno
304 1278 479 1359 pertinebat.
512 1297 600 1357 quem
613 1278 779 1342 admodum
791 1281 938 1342 conducta
950 1286 1040 1340 ont-4

47 1368 102 1427 nia
117 1379 226 1441 magno
237 1365 333 1424 animo
348 1370 429 1433 sunt,
448 1365 612 1422 sicsumma
623 1361 680 1421 lide
697 1362 850 1441 praebita,
865 1381 920 1423 nec
932 1365 1013 1442 quic·

48 1466 141 1529 quam
152 1451 278 1523 parcius
288 1450 425 1509 militibus
439 1449 541 1507 dotum
551 1447 673 1520 quamsi
686 1465 721 1505 ex
734 1445 872 1525 opulento
888 1447 1012 1516 aerario,

48 1541 85 1595 ut
100 1531 269 1611 quondam,
284 1531 443 1592 alerentur.

115 1615 188 1676 Cum
203 1617 235 1676 hi
247 1624 427 1676 commeatus
439 1620 596 1683 venerunt,
613 1611 726 1691 Iliturgi
737 1614 877 1692 oppidum
894 1613 930 1674 ab
940 1613 1040 1674 Has-5

49 1698 180 1762 drubale
195 1717 229 1760 ao
244 1700 367 1774 Magone
387 1706 417 1757 et
430 1694 594 1758 Hannibale
608 1695 780 1756 Bomilcaris
801 1696 861 1757 lilio
879 1696 917 1757 ob
933 1697 985 1756 del
1002 1729 1013 1742 ·

50 1784 182 1845 ctionem
198 1783 236 1845 ad
249 1783 397 1842 Romanos
412 1781 647 1859 oppugnabatur.
683 1781 760 1840 inter
777 1780 851 1840 haec
871 1781 950 1841 trina
965 1784 1042 1841 ca·6

50 1876 115 1929 stra
127 1866 258 1927 bostium
270 1865 424 1943 Scipiones
435 1864 661 1926 cuminurbem
672 1865 819 1925 sociorum
831 1882 937 1943 magno
949 1882 1014 1925 cer·

51 1951 165 2012 tamine
185 1967 220 2010 ac
240 1955 338 2024 strage
361 1946 564 2011 obsistentium
583 1948 798 2027 pervenissent,
824 1949 1014 2018 trumentum,

52 2035 139 2096 cuius
151 2033 252 2112 inopia
267 2038 344 2101 erat,
360 2032 554 2103 advexerunt;
571 2032 773 2111 cohortatique
787 2034 963 2111 oppidanos,
980 2038 1041 2091 utr

9 2122 11 2179 ἶ
53 2117 163 2181 eodem
176 2118 275 2178 animo
290 2117 406 2175 moenia
423 2122 604 2187 tutarentur,
628 2134 686 2195 quo
706 2134 761 2193 pro
781 2122 813 2174 se
834 2122 1014 2193 pugnantem

51 2204 223 2265 Romanum
248 2202 410 2260 exercitum
432 2197 585 2269 vidissent,
609 2199 645 2258 ad
666 2206 761 2257 castra
779 2199 907 2258 maxima
921 2215 1014 2275 oppu-

52 2281 191 2365 gnanda,
213 2282 318 2361 quibus
339 2281 503 2343 Hasdrubal
523 2289 674 2362 praeerat,
696 2280 816 2341 ducunt.
860 2280 965 2341 eodem
987 2287 1043 2340 et8

50 2364 180 2439 duo-du
180 2382 230 2438 ces
252 2373 282 2426 et
301 2366 359 2427 duo
381 2367 526 2426 exercitus
548 2364 846 2448 Carthaginiensium
872 2347 1015 2424 lbi-rem

9 2448 11 2515 j
53 2467 202 2513 summam
218 2467 265 2526 agr
280 2459 450 2520 cernentes,
472 2455 680 2510 convenerunt.
713 2454 811 2533 itaque
827 2448 982 2528 eruptione
999 2453 1042 2506 et

54 2540 162 2596 castris
205 2540 346 2594 unatum
362 2543 414 2596 est.
451 2551 519 2594 sexa
541 2539 602 2592 rma
646 2537 752 2590 ostrum
772 2534 813 2591 mi
824 2533 852 2592 ia
866 2551 902 2592 eo
917 2531 964 2591 die
984 2533 1015 2589 in

53 2632 157 2759 pugna
167 2611 296 2686 luerunt,
306 2603 434 2678 sedecim
448 2619 554 2677 ciroao
565 2615 705 2690 Romanis
715 2635 721 2686 ;
737 2624 836 2687 tamen
849 2605 922 2677 adeo
934 2607 1011 2677 baml
1026 2620 1057 2672 lt

55 2783 138 2845 mani
151 2782 280 2844 hostiurn
298 2785 461 2845 occiderint
497 2802 531 2844 ce
554 2784 630 2843 erint
650 2800 696 2842 am
718 2782 774 2843 lius
796 2785 852 2843 tria
867 2783 948 2843 milia
960 2783 1013 2842 ho·
1027 2788 1056 2839 11

9 2890 11 2895 ¹
56 2884 186 2935 minum,
226 2857 292 2926 aulo
307 2857 404 2929 mlnns
419 2868 531 2928 millee
552 2885 673 2936 uorum,
691 2866 921 2944 undesexaginta
937 2865 1014 2927 mdi-

9 2984 11 2989 -
55 2886 1023 3018 immunda-*mmmm

9 3084 11 3111 ζ
56 3034 365 3122 c1s1s3trin1squeeo
396 3035 541 3108 ieoflsms
560 3053 580 3113 p
613 3034 644 3048 ''
730 3080 737 3094 .
794 3036 800 3048 '
873 3035 880 3049 '

9 3142 11 3197 g
55 3134 115 3178 one
141 3114 254 3177 iberato
266 3118 302 3179 ad
328 3125 361 3177 nt
393 3119 595 3198 ''oppugnan
618 3136 667 3178 nm
703 3119 783 3178 unici
796 3118 943 3178 exercitus
956 3126 1015 3178 tra·

9 3252 11 3271 ;
56 3202 139 3261 ducti
159 3201 301 3277 suppletis
321 3202 413 3281 copiis
430 3220 465 3262 ex
488 3202 651 3280 provincia,
676 3208 708 3261 ut
722 3218 797 3281 quae
812 3202 939 3261 maxime
953 3218 1016 3261 om·

9 3298 10 3311 ²
56 3286 156 3354 nium,
171 3282 243 3345 belli
257 3285 354 3354 avida,
371 3285 458 3347 modo
474 3283 584 3364 praeda
600 3291 650 3345 aut
664 3301 779 3345 meroes
795 3294 886 3355 esset,
911 3303 927 3345 e
953 3295 1016 3345 tum

55 3370 207 3456 iuventute
221 3369 397 3429 abundante.
423 3370 530 3429 iterum
543 3368 634 3448 signis
646 3367 769 3431 conlatis
780 3369 883 3431 eadem
897 3368 1014 3430 lortuna
1026 3371 1065 3459 ¹³.

103 3480 128 3515 r.
149 3480 212 3517 orm
230 3485 298 3520 raus
317 3485 349 3520 ιι.
771 3459 813 3520 24
