2396 3920
177 268 179 275 ,
279 239 455 285 errentur.
472 240 540 283 car.
556 227 599 281 26.
614 230 658 281 27.
675 220 713 302 [a.
730 223 765 284 (l.
781 221 842 304 326]
1009 230 1041 289 li

113 387 290 452 miscendum
313 405 378 450 esse
398 387 603 468 extemploque
625 406 713 450 naves
739 389 934 452 deducendae.
965 386 1043 468 quod
1078 452 1082 473 ι
1155 428 1156 455 ;

112 492 152 552 quo
168 474 306 535 maturius
327 472 425 544 tieret,
453 474 549 534 omnis
573 473 709 534 iuventus
729 471 905 537 Samnitium
925 479 1044 551 praeter
1080 480 1088 533 ‘r
1153 498 1156 523 r

107 558 285 618 necessarium
307 556 390 618 urbis
416 556 594 635 praesidium
618 556 655 617 ad
675 556 744 617 litus
764 559 862 619 missa.
900 556 951 621 ubi
974 556 1044 618 dum
1057 540 1094 623 3l

106 639 247 720 Nymphius
273 642 306 701 in
334 639 465 702 tenebris
489 648 519 701 et
542 640 729 702 multitudine
751 648 852 713 semet,
871 642 933 720 ipsa
959 642 1042 720 inpe-
1089 624 1097 727 ξ

104 723 186 786 diente
208 723 311 786 sedulo
337 724 401 784 aliis
433 723 489 786 alia
516 726 640 803 imperia
669 724 793 786 turbans
820 725 890 786 terit
917 733 1042 803 tempus,
1072 732 1095 803 ¹3

102 807 236 870 Charilaus
265 826 303 870 ex
335 810 488 888 conposito
516 807 553 870 ab
581 810 668 869 sociis
702 810 733 869 ln
772 807 878 869 urbem
908 815 1045 886 receptus

102 908 157 952 oum
173 909 285 954 summa
305 891 388 954 urhis
403 893 535 954 Romano
554 891 646 953 milite
666 892 824 972 inplesset,
848 890 912 953 tolli
934 890 1043 952 clamo·
1070 888 1075 937 ῑ

101 991 154 1036 rem
171 977 268 1048 iussit;
291 977 329 1038 ad
351 995 438 1055 quem
454 978 559 1038 Graeci
578 977 663 1055 signo
682 984 803 1057 accepto
826 995 843 1037 a
863 973 1046 1054 principibus
1071 1050 1073 1061 ,
1115 981 1123 995 ⁹

102 1059 236 1136 quievere3
256 1060 365 1124 Nolani
379 1077 434 1140 per
449 1079 579 1123 aversam
594 1068 708 1140 partem
722 1061 806 1123 urbis
821 1062 868 1122 ria
879 1058 984 1122 Nolam
999 1058 1074 1135 seut

102 1151 172 1206 rente
187 1145 339 1225 ebirgiunt.
364 1145 544 1208 Samnitibus
556 1145 682 1207 exclusis
693 1145 730 1207 ab
745 1145 819 1208 urbe
834 1153 868 1207 ut
882 1143 1046 1225 expeditior
1070 1168 1078 1221 ῃ

103 1225 299 1306 inpraesentia
312 1229 398 1309 iuga,
417 1231 459 1289 ita
477 1229 606 1301 foedior,
627 1237 781 1309 postquam
799 1228 929 1310 periculo
945 1246 1045 1290 evase·

105 1318 175 1383 runt,
193 1315 268 1386 risa,
294 1316 404 1394 quippe
419 1317 470 1392 qui
489 1315 619 1375 inermes
633 1314 713 1375 nulla
728 1332 829 1376 rerum
844 1331 965 1376 suarum
987 1330 1046 1373 non

107 1391 190 1457 relicta
198 1399 279 1459 inter
289 1398 390 1458 hostes
401 1397 562 1459 ludibrium
575 1399 882 1469 nonesternismodo,
894 1397 1045 1458 sedetiam
1064 1467 1065 1470 Ἴ

109 1478 292 1555 popularibus,
315 1482 432 1562 spoliati
449 1489 538 1562 atque
553 1488 674 1559 egentes
691 1480 794 1541 domos
810 1481 936 1542 rediere.
967 1478 1045 1540 haud

112 1558 209 1636 ignarus
220 1567 369 1647 opinionis
384 1565 520 1637 alterius,
541 1582 598 1644 qua
619 1564 693 1624 haec
707 1562 836 1643 proditio
857 1562 894 1623 ab
909 1563 1058 1651 Samniti-4

108 1639 153 1705 bos
163 1646 227 1712 faeta
238 1650 376 1721 traditur,
393 1669 460 1712 eum
472 1649 640 1711 auctoribus
651 1649 708 1710 boe
720 1647 796 1718 dedi,
813 1645 920 1728 quibus
930 1646 1059 1724 dignius
1155 1646 1156 1655 ’

106 1729 172 1791 eredi
190 1745 248 1806 est,
268 1741 333 1795 tum
353 1734 465 1795 foedus
474 1732 699 1813 Neapolitanum
721 1768 764 1781 -
782 1751 818 1793 eo
839 1733 917 1793 enirn
941 1730 1063 1809 deinde,

108 1826 200 1879 uuna
214 1820 259 1880 rei
275 1819 456 1881 Graecorum
470 1820 548 1880 venit
565 1852 600 1863 -
618 1816 742 1879 similius
752 1820 822 1879 vero
838 1816 909 1877 lacit
922 1818 1002 1896 ipsos
1016 1817 1062 1885 issi

109 1898 246 1965 adduam
257 1903 380 1964 redisse.
406 1902 531 1964 Publilio
542 1902 710 1982 triumphus
721 1901 870 1972 decretus,
887 1901 965 1982 quod
977 1890 1074 1969 sarisb
1155 1948 1156 1953 ,

107 1983 264 2048 credebatur
292 1986 446 2049 obsidione
472 1986 598 2049 domitos
626 1987 724 2048 hostes
756 1988 788 2047 in
813 1987 901 2048 ssdem
921 1958 1069 2107 venisses

106 2060 152 2126 duo
175 2070 332 2150 singularia
352 2072 426 2132 haec
449 2073 476 2132 ei
502 2073 565 2133 riro
581 2072 717 2150 primum
734 2073 899 2150 contigere:
942 2087 1047 2148 proro-

103 2152 302 2298 lglatlohimperii
325 2172 387 2217 non
408 2163 476 2216 ante
497 2157 528 2215 in
549 2155 609 2217 ullo
628 2154 705 2216 lacta
723 2162 754 2215 et
774 2163 839 2216 acto
859 2154 974 2215 honore
994 2152 1047 2212 tri·

120 2251 261 2386 mpllllllll.
288 2323 373 2385 Aliud
389 2322 513 2384 subinde
527 2321 637 2384 bellum
653 2340 719 2384 cum
736 2321 857 2383 alterius
872 2338 941 2381 orae
957 2320 1074 2382 Grae-1
1097 2324 1102 2379 t

1097 2394 1104 2421 t

105 2403 140 2463 cis
152 2416 292 2470 exortum.
322 2425 449 2486 namque
466 2407 620 2468 Tarentini
633 2423 705 2468 oum*
720 2424 785 2467 rem
800 2403 1048 2486 Palaepolitanam
1060 2413 1076 2460 2

102 2502 167 2551 rana
188 2511 237 2572 spe
256 2491 356 2553 auxilii
376 2491 554 2571 aliquamdiu
574 2491 797 2560 sustinuissent,
819 2496 973 2568 postquam
988 2490 1083 2587 ΒΨ.

103 2587 194 2636 uanos
208 2575 282 2638 urbe
302 2576 411 2655 potitos
426 2591 582 2653 accepere,
609 2572 688 2633 velut
709 2573 841 2633 destituti
862 2589 896 2633 ae
916 2589 975 2631 non
999 2573 1049 2648 qui

102 2653 153 2734 ipsi
168 2657 378 2730 destituissent,
401 2660 557 2736 inerepare
572 2654 820 2736 Palaepolitanos,
840 2656 885 2739 ira
901 2662 988 2733 atque
1002 2654 1049 2714 in·

42 2772 43 2777 κ
103 2740 169 2802 vidia
178 2745 209 2805 in
226 2746 374 2807 Romanos
387 2744 505 2812 furere,
522 2759 556 2802 eo
572 2741 660 2803 etiam
678 2738 755 2820 quod
773 2740 907 2801 Lucanos
924 2747 953 2801 et
969 2740 1048 2819 Apu·
1097 2798 1116 2825 Ἡ

104 2819 186 2884 los-
195 2847 264 2890 nam
276 2835 400 2908 utraque
411 2844 447 2887 eo
458 2841 537 2887 anno
551 2826 674 2887 societas
689 2832 792 2904 coepta
807 2832 852 2886 est
862 2859 904 2871 -
914 2826 945 2886 in
960 2825 1048 2886 tidem
1100 2824 1115 2873 '⁴2'

43 2976 44 2979 Ἴ
104 2910 192 2988 populi
207 2912 334 2976 Romani
352 2911 466 2972 venisse
482 2908 610 2973 adlatum
629 2918 686 2972 est:
710 2912 819 2991 quippe
836 2908 1078 2990 propemodum3
1101 2874 1118 3010 l
1155 2932 1156 2937 ¹

104 3003 263 3067 perventum
279 2995 315 3056 ad
330 3013 362 3057 se
377 3012 454 3065 esse,
470 2997 587 3075 iamque
600 2996 632 3055 in
645 3013 680 3056 eo
694 3012 759 3056 rem
773 2996 853 3065 fore,
877 3002 911 3055 ut
924 2993 1049 3056 Romani
1100 3012 1112 3073 q

104 3084 146 3138 aut
164 3079 261 3142 hostes
281 3088 332 3142 aut
351 3079 464 3140 domini
481 3079 611 3141 habendi
630 3081 697 3141 sint.
736 3079 894 3140 discrimen
914 3076 1047 3156 proiecto
1061 3085 1078 3133 4
1090 3070 1111 3155 ql
1155 3142 1156 3145 Ἴ

103 3173 191 3224 rerum
214 3183 336 3226 suarum
357 3165 389 3224 in
410 3162 489 3226 bello
503 3164 678 3224 Samnitium
697 3169 860 3240 eventuque
880 3161 943 3221 eius
965 3161 1049 3220 verti.
1088 3156 1105 3261 {p}

103 3259 159 3307 eam
173 3248 264 3310 solam
282 3254 402 3326 gentem
415 3256 543 3318 restare,
565 3264 701 3308 neceam
721 3245 816 3325 ipsam
832 3245 901 3304 satis
915 3242 1048 3316 reddam,
1087 3267 1100 3335 q

103 3332 210 3407 quando
225 3331 534 3415 Lucanusssdelecerin
557 3346 645 3411 quem
666 3331 799 3390 revocari
821 3328 916 3390 adhuc
935 3327 1096 3408 inpelli-s·
1155 3358 1156 3361 κ

103 3428 152 3491 que
169 3417 204 3476 ad
219 3416 396 3479 abolendam
412 3418 580 3477 societatem
595 3414 756 3475 Romanam
773 3431 873 3492 posse,
890 3414 987 3491 siqua
1003 3430 1051 3472 ars
1085 3336 1107 3595 ἶ

104 3500 225 3561 serendis
246 3500 400 3561 discordiis
422 3498 603 3560 adhibeatur.
639 3498 713 3558 haec
733 3496 855 3557 consilia
878 3513 945 3556 cum
973 3493 1106 3585 apudd‘
1155 3490 1156 3495 ’

1101 3610 1116 3669 ql

1061 3830 1156 3894 A
