2290 3920
172 261 176 267 ,
209 220 301 263 nuans
315 222 378 262 xxc
397 222 466 264 car.
481 209 521 262 ba.
538 211 582 265 60.
598 211 641 262 ol.
654 202 692 285 [a.
709 206 744 269 0.
759 206 821 288 218]
931 211 994 276 255

58 367 138 427 malor
151 366 288 429 Romanis
304 386 390 448 qnam
404 388 460 449 pro
475 387 598 431 numero
612 372 723 431 iactura
736 371 804 443 luit,
822 375 889 451 quia
904 392 992 453 eque·

57 450 116 509 stris
125 450 233 512 ordinis
243 449 352 532 aliquot
364 463 393 513 ct
407 451 519 514 tribuni
529 454 653 514 militum
668 456 797 534 quinque
808 466 837 515 et
851 457 992 535 preelecti

56 535 187 595 sociorum
212 542 274 595 tres
298 545 368 596 sunt
388 537 544 598 interfecti.
588 538 749 599 secundum
776 555 841 599 eam
864 558 989 619 pugnam
1005 549 1033 601 tt

56 615 186 677 Hannibal
206 620 236 677 in
254 619 391 697 Ligures,
415 621 606 699 Sempronius
623 623 733 682 Lucam
752 624 906 683 concessit.
943 642 991 683 re·

56 700 135 761 nlenti
154 703 185 761 in
206 701 329 780 Ligures
354 703 511 765 Hannibali
534 722 589 783 per
616 704 735 766 insidias
755 706 912 784 intercepti
935 706 994 767 duo

56 792 210 858 quaestores
224 785 364 856 Humani,
381 788 411 849 C.
427 787 544 853 Fulvius
559 795 588 848 et
600 788 633 849 L.
648 790 816 858 Lucretius,
837 806 904 850 cum
920 790 993 850 duo·
1018 831 1022 839 -

55 863 100 928 bus
111 868 232 930 tribunis
248 868 373 931 militum
391 877 420 930 et
435 873 564 951 quinque
586 874 729 952 equestris
749 871 861 932 ordinis
877 881 994 935 senato·

55 966 110 1011 run
129 952 220 1014 ferme
237 952 351 1023 liberis,
379 971 436 1033 quo
461 956 554 1038 magis
567 962 661 1017 ratam
685 956 749 1017 lore
763 973 829 1017 cnm
850 956 877 1017 is
889 974 993 1036 pacem

9 1072 10 1075 κ
55 1035 267 1117 societatemque
283 1037 431 1108 crederet,
450 1039 615 1100 traduntur.

108 1118 165 1182 LX.
195 1121 270 1182 Dum
287 1122 361 1181 baec
374 1123 405 1181 in
420 1121 501 1183 ltalia
517 1132 673 1201 gemntur,
693 1122 745 1185 Cn.
764 1125 917 1188 Cornelius
932 1124 992 1186 Sci·
1006 1134 1019 1183 1

7 1260 10 1279 ς
52 1202 93 1278 pio
108 1204 136 1262 in
154 1204 324 1284 Hispaniam
345 1222 412 1265 curn
433 1204 525 1265 classe
545 1214 575 1267 et
589 1208 719 1268 exercitu
741 1209 847 1271 missus
868 1227 935 1272 cum
956 1208 1021 1269 aba

54 1286 254 1349 ostipoodani
265 1286 644 1369 prolectusPyrenaeosque
654 1298 770 1351 montes
780 1294 993 1355 ctrcumvectns

54 1366 182 1448 Emporiis
198 1370 359 1451 adpulisset
375 1371 511 1442 classem,
530 1375 661 1452 exposito
675 1373 717 1432 ibi
732 1378 863 1437 exercitu
878 1393 962 1437 orsus
976 1384 1020 1439 aa

54 1450 188 1517 Lacetanis
205 1472 324 1518 omnem
340 1472 532 1534 oram-usqua
548 1456 585 1517 ad
601 1456 744 1517 Hiberum
759 1457 869 1519 flumen
884 1460 992 1536 partim

8 1602 9 1605 Ἴ
53 1540 211 1600 renovandis
225 1538 415 1601 societatibus
425 1541 532 1619 partim
547 1542 629 1600 novis
643 1540 830 1601 instituendis
844 1541 993 1602 Romanae

54 1616 161 1682 dicionis
179 1624 257 1685 lecit.
294 1622 364 1683 inde
384 1622 537 1684 concdiata
555 1625 574 1665 *
596 1623 826 1703 clementiaeque
841 1624 917 1686 lama
933 1635 1020 1685 nona

9 1764 11 1771 χ
54 1701 82 1762 ad
94 1709 251 1769 maritimos
268 1706 358 1768 modo
371 1706 509 1786 populos,
528 1707 622 1769 sedin
637 1707 862 1770 mediterraneis
876 1726 992 1790 quoque

53 1802 80 1844 ac
100 1794 242 1853 montanis
267 1790 305 1851 ad
331 1791 493 1852 ferociores
517 1793 573 1852 iam
601 1800 703 1870 gentas
728 1791 831 1863 valuit;
858 1810 914 1854 nec
936 1812 993 1872 pax

52 1871 125 1931 modo
142 1876 216 1955 apud
232 1894 298 1945 eos,
323 1876 375 1935 sed
395 1876 519 1936 societas
536 1876 623 1936 otiam
644 1891 794 1937 armorum
816 1884 917 1956 parata
940 1887 991 1947 est,

7 2006 9 2019 t
54 1951 207 2038 validaeque
228 1959 341 2038 aliquot
356 1958 530 2020 auxiliorum
545 1960 682 2021 cohortes
700 1979 736 2022 ex
752 1962 788 2022 ils
809 1963 992 2041 conscriptae

53 2047 117 2099 sunt.
144 2043 296 2104 Hannonis
310 2042 352 2103 cis
364 2041 506 2104 Hiberum
521 2046 671 2123 proviacia
688 2053 765 2115 erat;
782 2063 849 2107 eum
866 2045 1021 2125 relique-n

52 2128 90 2180 rat
101 2123 241 2187 Hannibal
263 2124 300 2187 ad
315 2128 444 2204 regionis
466 2129 529 2188 eius
547 2128 736 2206 praesidium.
766 2131 879 2208 itaque,
896 2131 992 2207 prius·

52 2220 126 2280 mam
140 2209 339 2272 alienarentur
350 2211 464 2279 omnia,
480 2211 594 2272 obviam
610 2213 738 2273 eundum
750 2221 832 2273 ratus
843 2213 946 2272 castris
961 2214 992 2271 in

53 2301 195 2370 conspectu
210 2295 340 2355 hostium
360 2295 463 2374 positis
481 2296 512 2354 in
533 2297 626 2355 aciem
645 2296 754 2356 eduxit.
791 2312 846 2354 nec
859 2294 1020 2355 Romanoa

52 2366 231 2439 merendum
247 2385 398 2440 certamen
412 2380 520 2448 msum,
535 2381 644 2457 quippe
662 2381 713 2458 qui
729 2380 819 2439 sciret
833 2395 900 2438 cum
913 2379 992 2439 llan-

53 2469 118 2517 none
130 2467 158 2520 et
172 2460 354 2523 Hasdrubale
375 2460 430 2523 sibi
450 2461 648 2523 dimicandum
670 2478 748 2533 esse,
771 2459 927 2540 malletque
942 2461 991 2522 ad·

53 2551 139 2604 versus
154 2545 285 2624 singidos
299 2546 457 2625 separatim
477 2563 564 2622 quam
585 2545 723 2605 adversus
737 2544 811 2604 duos
827 2544 913 2604 simul
926 2563 990 2604 rem

53 2635 152 2695 gerere.
181 2647 238 2690 nec
250 2631 350 2708 magni
365 2629 534 2688 certaminis
548 2646 582 2688 ea
595 2628 741 2688 dimicatio
756 2626 825 2687 luit:
845 2646 896 2688 sex
913 2627 1019 2688 miliat

52 2700 163 2772 hostiurn
177 2730 275 2783 caesa,
292 2715 350 2774 duc
365 2719 449 2792 capta
464 2728 532 2772 cum
551 2711 698 2790 praesidio
719 2718 892 2772 castrorum.
924 2729 991 2771 nam

53 2793 77 2846 et
89 2801 178 2856 castra
192 2804 356 2876 expugnata
370 2803 440 2864 sunt
453 2802 539 2875 atquc
553 2797 617 2872 ipse
632 2796 690 2856 dux
706 2810 773 2856 cum
787 2793 897 2874 aliquot
910 2797 990 2874 prin·

53 2870 153 2949 cipibus
167 2882 323 2959 capiuntur
338 2887 367 2941 et
381 2879 470 2942 Cissis
484 2882 660 2959 propincum
673 2879 775 2941 castris
788 2878 926 2959 oppidum
943 2899 991 2940 ex-

53 2966 192 3032 nagnam.
228 2970 360 3025 ceterum
380 2963 490 3042 praeda
504 2963 603 3043 oppidi
618 2966 700 3043 parvi
716 2965 794 3043 preti
812 2981 913 3024 rerum
929 2964 1020 3034 inite

53 3040 168 3116 supellex
185 3044 339 3108 barbarica
360 3064 393 3109 ac
403 3044 502 3110 vilium
515 3049 745 3127 mancipiorum
765 3056 859 3108 castra
870 3045 1020 3107 militcmtt

53 3114 181 3214 ditavere,
197 3147 256 3190 nen
272 3133 334 3193 eius
348 3130 436 3192 modo
457 3133 602 3192 exercitus
623 3132 674 3209 qui
688 3132 781 3190 rictus
797 3137 874 3197 erat,
896 3129 948 3189 sed
964 3138 994 3190 et

54 3215 119 3276 ⁰¹⁰⁸,
134 3212 181 3287 qui
195 3230 262 3274 cum
276 3214 438 3276 Hannibale
452 3216 482 3275 in
498 3215 579 3276 ltalia
596 3212 755 3285 militabat,
777 3211 915 3272 omnibus
929 3212 992 3273 tere

54 3288 120 3348 tatis
131 3291 234 3365 rebus,
250 3316 288 3359 ne
299 3300 396 3377 gravia
407 3300 607 3377 inpedimenta
616 3296 779 3359 serentibus
793 3303 905 3362 essent,
919 3298 992 3358 citra
1035 3320 1043 3362 a

53 3363 351 3444 Pnemeumrelictis.

108 3453 175 3519 Llll.
208 3463 381 3546 Priusquam
404 3471 484 3525 certa
505 3464 592 3526 huius
619 3465 708 3530 cladis
739 3464 815 3527 lama
836 3464 1017 3534 acciderett
