2350 3922
286 259 397 300 xmus
412 260 501 300 xxr11.
519 259 587 331 one.
603 249 644 300 22.
662 238 701 322 [a.
717 243 752 303 0.
770 241 831 323 216]
985 246 1044 317 3341
1089 266 1101 291 ·

86 408 251 478 minuerat,
274 414 414 486 quantum
437 407 566 470 consiliis
591 409 728 475 humanis
754 406 873 488 adsequi
898 414 1043 488 poterant,

86 488 184 570 patres
198 488 381 568 explessent,
397 491 516 553 tandem
527 511 558 553 se
574 511 690 573 quoque
704 499 734 553 et
744 491 932 555 solitudinem
945 493 1071 554 curiaen

18 628 22 635 ,
86 576 322 653 paucitatemque
339 575 574 643 convenientium
593 577 629 637 ad
650 576 801 657 publicum
826 575 979 639 consilium
996 594 1043 635 re·

87 665 262 743 spexerunt:
281 675 377 738 neque
388 659 466 720 enim
483 666 550 738 post
560 660 593 720 L.
605 659 762 722 Aemilium
776 668 806 720 et
820 660 851 722 C.
868 660 1070 723 Flaminiuma

87 751 352 809 censoressenatus
366 740 459 809 lectus
468 743 580 814 fuerat,
600 762 666 807 cum
681 751 795 809 tantum
810 752 981 811 senatorum
994 742 1045 802 ad«

15 902 17 905 v
87 842 186 887 versae
199 842 333 905 pugnae,
352 825 387 886 ad
402 826 459 887 hoc
473 829 519 888 sui
534 845 680 908 quemque
690 844 693 851 ’
704 846 788 889 casus
810 845 865 907 per
880 829 1044 906 quinquen·

87 910 165 970 nium
182 909 425 988 absumpsissent.
465 929 533 972 oum
554 911 591 972 de
611 930 645 972 ea
662 931 695 973 re
709 912 746 973 Μ.
763 911 903 973 Aemilius
924 917 1071 991 praetore

88 991 228 1055 dictatore
243 1000 314 1072 posi
334 993 492 1063 Casilinum
512 996 651 1059 amissum
669 995 803 1074 prolecto
822 997 881 1059 iam
904 994 940 1054 ad
961 1011 1045 1055 exer·

88 1076 174 1138 citum
190 1077 419 1156 exposcentibus
434 1080 547 1143 cunctis
561 1077 730 1152 rettulisset,
748 1088 811 1142 tum
829 1079 879 1160 Sp.
895 1076 1044 1147 Carvilius,

89 1176 153 1220 cum
169 1161 261 1240 longa
284 1163 417 1222 oratione
440 1180 501 1224 non
523 1161 617 1226 solum
636 1160 765 1244 inopiam
785 1170 969 1241 maurorum,
992 1160 1045 1222 sed

88 1247 264 1321 paucitatem
282 1247 370 1307 etiam
387 1247 507 1318 civium,
529 1265 565 1308 ex
583 1246 689 1327 quibus
705 1250 736 1311 in
750 1255 849 1327 patres
864 1246 1045 1326 legerentur,

90 1336 265 1407 conquestus
281 1337 372 1399 osset,
395 1329 532 1409 explendi
551 1340 671 1395 senatus
686 1349 772 1395 eausa
788 1341 818 1392 et
837 1329 980 1410 iungendi
997 1337 1073 1390 ar·5
1158 1346 1159 1351 ¹

88 1411 142 1475 tius
163 1413 263 1479 Latini
285 1413 415 1480 nominis
433 1431 500 1477 cum
528 1414 637 1494 populo
658 1415 791 1481 Romano
812 1430 992 1493 magnopere
1013 1431 1045 1473 se
1158 1410 1159 1414 ’

88 1495 208 1559 suadere
223 1497 308 1564 dixit,
323 1505 356 1557 ut
370 1515 407 1558 ex
419 1497 542 1575 siugulis
556 1496 672 1578 populis
683 1498 855 1561 Latinorum
866 1497 944 1557 binis
961 1513 1045 1566 sena·

89 1578 214 1652 sonibus,
231 1582 339 1658 quidus
354 1588 455 1660 patres
465 1582 590 1644 Romani
601 1582 795 1651 censuissent,
812 1580 912 1641 civitas
927 1580 1046 1641 daretur
1158 1630 1159 1643 a

89 1669 172 1742 atque
187 1666 220 1727 iu
232 1665 458 1733 demortuorum
474 1664 571 1727 locum
585 1667 617 1726 in
633 1675 767 1729 senatum
781 1665 960 1743 legerentur.
980 1672 1073 1727 samo
1158 1688 1159 1693 ¹

90 1750 266 1812 senteutiam
279 1748 358 1810 baud
374 1749 561 1829 aequioribus
576 1750 683 1817 animis
697 1767 784 1828 quam
804 1751 937 1829 ipsorum
952 1765 1045 1833 quon-

90 1827 154 1893 dam
176 1831 359 1911 postulatum
385 1833 557 1897 Latinorum
587 1841 687 1912 patres
715 1833 885 1903 audierunt:
923 1840 953 1892 et
980 1840 1073 1895 cumr

91 1910 221 1981 iremitus
239 1916 460 1995 indignantium
478 1925 539 1980 tota
559 1919 641 1981 curia
660 1925 749 1988 esset,
779 1925 809 1979 et
829 1918 987 1997 praecipue
1010 1915 1045 1981 T.

90 1993 209 2063 Manlius
229 2018 298 2062 esse
319 2002 405 2063 etiam
429 2019 508 2067 nune
535 2004 597 2064 eius
620 2003 720 2082 stirpis
743 2004 837 2063 virum
861 2002 986 2071 diceret,
1011 2017 1047 2062 ex

92 2096 144 2156 qua
164 2083 316 2163 quondam
337 2086 369 2144 in
385 2084 526 2164 Capitolio
541 2084 645 2149 consul
661 2088 788 2151 minatus
805 2095 883 2147 esset
900 2085 1045 2152 Latinum,

93 2178 174 2239 quern
188 2169 219 2227 in
235 2169 320 2229 curia
336 2167 469 2240 vidisset,
492 2189 559 2231 eum
581 2188 633 2231 sua
651 2187 788 2230 manusc
810 2167 1044 2235 interfecturum,

15 2252 16 2255 ’
93 2245 125 2316 Q·
141 2247 250 2317 Fabius
262 2252 404 2312 Maximus
420 2270 580 2330 numquam
595 2253 640 2312 rei
653 2253 742 2313 ullius
757 2250 898 2311 alieniore
912 2257 1076 2327 tempore8

93 2334 272 2397 montionem
285 2335 392 2396 iactam
414 2336 445 2394 in
467 2344 570 2396 senatu
592 2335 676 2403 dicit,
701 2353 788 2413 quam
804 2335 961 2393 intertum
982 2352 1045 2393 sus-

93 2428 195 2487 pensos
222 2421 372 2485 sociorum
399 2420 512 2479 animos
534 2419 735 2498 incertamque
764 2418 851 2481 iidem
875 2417 906 2478 id
939 2426 1044 2488 aetum,

94 2498 169 2572 quod
181 2502 305 2583 insuper
319 2500 489 2567 sollicitaret
504 2520 563 2572 eos.
594 2521 657 2562 eam
673 2505 760 2571 unius
778 2503 905 2581 hominis
922 2507 1073 2562 temera-9
1158 2532 1159 2535 =

94 2579 165 2642 riam
187 2604 291 2648 vocem
313 2585 428 2648 silentio
450 2587 579 2647 omnium
603 2586 828 2663 extinguendam
849 2604 928 2654 esse,
955 2593 998 2654 et,
1022 2586 1047 2644 si

95 2664 161 2755 quid
175 2686 316 2750 umquam
331 2671 432 2732 arcani
449 2671 577 2743 sanctire
595 2669 630 2730 ad
646 2667 791 2731 silendum
806 2671 837 2729 in
853 2671 934 2730 cirria
947 2668 1045 2737 luerit,

95 2743 262 2813 nomnium
274 2755 400 2815 maxime
410 2753 578 2832 tegendum,
591 2751 792 2825 occulendum,
806 2752 1044 2821 obliviscendum,

97 2841 148 2901 pro
165 2852 225 2896 non
241 2836 319 2897 dicto
329 2836 497 2898 habendum
510 2855 583 2905 esse.
607 2839 647 2899 ita
660 2838 720 2898 eius
729 2840 772 2898 roi
785 2856 924 2916 oppressa
936 2837 1046 2898 mentio

97 2918 147 2971 est.
177 2917 365 2993 dictatorem,
384 2923 434 3001 qui
450 2939 555 2982 consor
570 2931 637 2983 ante
658 2921 759 2982 luisset
777 2922 1044 3000 vetustissimusque
1057 2924 1089 2975 10

97 3008 132 3052 ex
147 3000 201 3072 eis,
223 3005 280 3081 qui
294 3006 438 3076 virerent,
464 3008 605 3067 censoriis
623 3014 712 3075 esset,
737 3008 831 3067 creari
852 3005 976 3086 placuit,
997 3022 1046 3083 mx

97 3089 227 3172 senatum
253 3086 380 3166 legeret,
413 3091 559 3168 accirique
586 3091 616 3151 C.
638 3089 807 3150 Terentium
837 3086 987 3150 consulem
1010 3097 1046 3146 an
1158 3134 1159 3139 1

97 3156 267 3233 dictatorem
281 3172 438 3235 dicendum
456 3174 614 3239 iusserunt.
646 3174 694 3251 qni
719 3192 754 3233 ex
770 3171 872 3250 Apulia
888 3170 990 3250 relicto
1005 3169 1045 3231 ibi
1057 3177 1086 3227 11
1158 3198 1159 3201 ¹

96 3250 323 3316 praeditorum
345 3257 459 3335 magnis
478 3256 633 3317 itineribus
653 3257 774 3318 Romam
798 3254 935 3324 redisset,
960 3262 1046 3316 nocte

93 3332 223 3400 proxima
247 3345 281 3402 ut
299 3357 364 3402 mos
386 3348 461 3410 erat,
485 3341 523 3401 Μ.
542 3340 663 3403 Fabium
685 3341 846 3401 Buteonem
873 3358 908 3400 ex
929 3347 1047 3401 senatus

93 3414 223 3555 3ξὲῗώῑο
241 3424 304 3485 sine
319 3425 459 3502 magistro
478 3424 607 3504 equitum
623 3425 794 3486 dictatorem
818 3425 848 3485 in
864 3442 915 3485 sex
931 3440 1048 3484 menses
