2350 3922
267 241 360 281 ernau
373 228 590 283 rennuenti).
606 228 648 282 31.
666 221 705 303 [a.
722 224 756 286 O.
771 222 832 309 217]
969 229 1031 294 289

80 387 230 457 servatori,
251 389 290 448 sit
304 385 387 457 felix,
403 387 457 448 sub
472 388 628 466 imperium
647 406 698 450 aus
719 391 807 450 icium
830 410 866 451 ue
882 398 964 452 tuum
981 409 1029 452 re·

99 487 163 530 eoe
313 486 365 530 aec
390 486 510 532 errones
621 491 719 535 sruo.
759 481 807 543 tu,
829 473 1057 555 quaeso,pla·5
1091 514 1097 523 .
1150 520 1151 537 2

81 561 155 614 catus
166 572 213 615 me
227 556 430 633 magisterium
445 558 591 634 equitum,
608 556 791 618 hosordiues
805 572 874 619 suos
885 576 1031 638 quemque
1150 566 1151 595 ³

80 645 176 699 tenere
186 638 320 701 lubeas‘·
349 645 411 698 tum
429 639 549 700 dextrae
569 641 765 701 interiunctae
780 641 946 722 militesque
961 648 1059 702 oon-o

23 796 24 801 ἵ
80 722 152 783 tione
163 721 283 782 diruisse
298 720 335 783 ab
346 724 423 782 notis
435 724 600 803 ignotisque
613 723 740 803 benigne
750 734 837 804 atquc
847 723 1031 803 hospitaliter
1150 768 1151 809 3

80 805 200 876 inritati,
222 805 375 884 laetusque
401 806 464 866 dies
488 825 525 869 ex
540 807 697 869 admodum
714 810 790 869 tristi
806 807 894 887 paulo
912 814 980 869 ante
998 826 1031 867 ae

80 903 165 967 prope
188 889 348 951 execrabili
363 888 466 951 lactus.
496 890 621 963 Romae,
641 898 674 952 ut
696 899 740 953 est
759 890 871 970 perlata
891 891 969 952 lama
988 893 1059 952 reir
1150 924 1151 971 1

81 976 184 1049 gestae,
201 973 272 1035 dein
283 973 389 1034 litteris
399 991 460 1034 non
469 976 564 1053 magis
576 976 708 1054 ipsorum
719 977 931 1055 inperatorem
943 993 1031 1054 quam

80 1055 156 1132 volgo
171 1057 300 1119 militum
315 1075 351 1118 ex
366 1065 492 1138 utroque
507 1060 638 1120 exercitu
654 1059 819 1131 adfirmata,
834 1077 890 1140 pro
906 1077 938 1120 se
953 1060 1031 1138 quis·
1150 1134 1151 1139 γ

79 1155 130 1216 que
142 1140 301 1203 blaximum
313 1139 449 1204 laudibus
464 1143 501 1203 ad
522 1142 635 1204 eaelum
654 1142 743 1205 ferre.
778 1161 833 1224 par
847 1143 941 1222 gloria
956 1142 1061 1221 apnd8
1150 1224 1151 1227 Ἴ

80 1219 264 1286 Hannibalem
288 1225 439 1306 hostisque
459 1227 575 1288 Poenos
597 1234 676 1296 erat;
692 1247 728 1288 ac
748 1235 811 1289 tum
832 1227 950 1290 demum
964 1244 1031 1288 sen·

80 1305 204 1368 tirenum
219 1309 460 1390 Romanisatque
474 1309 598 1371 initalia
611 1309 721 1371 bellum
737 1329 815 1382 esse;
832 1328 900 1372 nam
911 1310 1060 1371 bienniob

80 1397 140 1450 aute
155 1392 228 1454 adeo
243 1401 273 1455 et
288 1392 378 1454 duces
393 1394 541 1454 Romanos
554 1398 585 1453 et
606 1392 713 1454 milites
728 1401 916 1472 spreverant,
936 1403 970 1456 ut
984 1395 1031 1454 rix

79 1488 139 1534 eum
154 1476 257 1539 eadem
272 1483 361 1555 gente
374 1475 485 1540 bellum
500 1494 564 1537 esse
578 1475 750 1548 crederent,
767 1479 851 1538 cuius
866 1476 1032 1538 terribilem

80 1571 137 1617 cam
153 1558 262 1622 lamam
281 1574 298 1620 a
321 1559 454 1640 patribus
475 1561 666 1639 accepissent.
697 1558 894 1621 Hannibalem
913 1576 1029 1638 quoque
1042 1566 1076 1617 lo
1150 1584 1151 1623 3

80 1655 111 1699 ex
132 1645 193 1705 acie
214 1645 391 1707 redeuntem
418 1644 526 1704 dixisse
547 1644 661 1715 lerunt,
686 1643 805 1705 taudem
825 1660 890 1704 eam
911 1641 1031 1710 nubem,

78 1738 147 1863 quae
160 1728 265 1790 sedere
280 1730 313 1788 in
327 1729 403 1806 iugis
417 1729 561 1788 montium
579 1726 664 1789 solita
681 1729 732 1796 sit,
751 1745 818 1788 eum
833 1725 963 1806 procella
976 1727 1032 1786 im·
1086 1778 1091 1793 ,

97 1820 155 1871 reru
171 1812 298 1874 dedisse.
875 1858 880 1863 .

134 1893 233 1956 XXXI.
265 1897 342 1957 Dum
352 1896 427 1956 haec
440 1902 584 1974 geruntur
596 1896 626 1955 iu
641 1893 739 1966 ltalia,
754 1895 806 1958 Co.
822 1895 965 1958 Servilius
976 1894 1060 1957 (le-1

83 1975 1032 2055 minusconsulcumclasseoeutumctpinttnaviumcircumvectus

83 2055 224 2124 Sardiniae
240 2073 271 2125 et
285 2064 421 2125 Corsicae
436 2080 519 2125 oram
534 2070 565 2124 et
575 2063 726 2125 obsidibus
741 2066 890 2144 utrimque
901 2064 1030 2147 acceptis

82 2139 108 2199 iu
122 2143 245 2208 Africam
259 2148 422 2208 transmisit
433 2155 476 2217 et,
490 2149 661 2227 priusquam
672 2149 703 2207 in
714 2149 913 2208 continentem
930 2152 1060 2233 escen-2

81 2224 185 2290 sionem
207 2231 335 2302 laceret,
356 2231 472 2309 Menige
492 2230 588 2291 insula
606 2238 715 2292 vastata
737 2238 768 2292 et
782 2230 818 2290 ab
835 2224 1032 2289 incolentibus

82 2304 239 2389 Cercinam,
263 2333 302 2376 ne
326 2322 356 2376 et
376 2316 509 2394 ipsorum
529 2322 667 2375 ureretur
689 2313 926 2392 diripereturque
951 2328 1030 2390 ager,

82 2386 310 2463 decem‘talentis
331 2399 445 2477 arpenti
465 2399 594 2477 acceptis
615 2397 651 2458 ad
671 2396 758 2457 litora
778 2397 893 2456 Africae
909 2397 1033 2457 accessit

83 2480 230 2560 copiasque
256 2485 401 2562 exposuit.
443 2480 514 2542 inde
539 2481 576 2542 ad
602 2479 803 2560 populandum
825 2496 928 2557 agrum
949 2479 1056 2540 ductis
1150 2500 1151 2505 ¹

82 2557 180 2625 milites
200 2566 375 2646 navalesque
395 2566 467 2627 socii
485 2567 565 2626 iuxta
587 2564 670 2626 eilusl
701 2581 735 2624 ac
756 2564 833 2643 siju
853 2561 955 2622 insulis
970 2561 1031 2622 cul·
1150 2580 1151 2651 j

83 2645 173 2706 torum
187 2651 342 2728 egentibus
356 2648 581 2729 praedarentur.
616 2650 715 2728 itaque
734 2649 766 2707 in
783 2646 904 2707 insidias
920 2653 1058 2706 temeret

83 2721 157 2787 iulati
171 2749 237 2794 eum
257 2751 274 2794 a
294 2733 500 2814 frequentibus
520 2731 653 2812 palantes
673 2739 702 2792 et
722 2733 818 2811 ignari
838 2729 875 2791 ab
898 2728 1031 2790 locorum
1150 2784 1151 2787 ,

84 2813 173 2881 gnaris
187 2816 485 2887 circumvenirentur,
507 2834 574 2878 cum
594 2815 685 2877 multa
707 2815 797 2877 caede
812 2832 847 2875 ac
862 2813 947 2875 loeda
964 2813 1033 2890 luga
1150 2828 1151 2893 3

67 2974 69 2976 .
85 2897 157 2954 retro
173 2899 209 2958 ad
223 2918 313 2963 nares
328 2901 463 2981 conpulsi
478 2907 556 2962 sunt.
585 2901 622 2961 ad
635 2899 716 2961 mille
733 2901 901 2968 bominum,
918 2917 985 2959 enm
999 2898 1061 2957 iisb
1150 2920 1151 2981 j

85 2969 252 3056 Sempronio
270 2985 376 3047 Blaeso
398 2994 553 3065 quaestore
575 2986 697 3055 ambso,
721 2983 823 3045 classis
844 2983 880 3043 ab
898 2981 1034 3043 litoribus
1150 3018 1151 3021 =

85 3050 203 3125 hostium
222 3067 318 3146 plenis
340 3069 454 3150 trepide
473 3069 568 3131 soluta
587 3072 619 3129 in
640 3067 768 3130 Siciliam
791 3085 910 3129 cursum
930 3066 1032 3134 tenuit,
1150 3104 1151 3107 =

86 3141 240 3227 traditaque
254 3153 385 3232 Lilybaei
398 3153 432 3214 Τ.
449 3152 572 3214 Otacilio
594 3154 740 3233 praetori,
762 3159 795 3212 ut
809 3150 845 3212 ab
861 3148 957 3228 legato
973 3148 1062 3210 eiust
1150 3172 1151 3175 ¹

85 3215 114 3279 P.
127 3225 198 3291 Sura
215 3232 340 3298 Romam
355 3236 556 3298 reduceretur.
598 3239 663 3316 ipse
684 3254 739 3316 per
760 3234 889 3297 Siciliam
909 3231 1060 3313 pedibus?

84 3307 224 3404 Proiectus
238 3318 315 3381 freto
329 3322 362 3381 in
378 3317 490 3381 ltaliam
508 3322 636 3392 traiecit,
651 3320 757 3381 litteris
772 3319 806 3391 Q.
824 3315 907 3379 Fabii
923 3317 1034 3378 accitus

70 3390 112 3443 'll
129 3406 189 3468 lpse
209 3408 239 3461 et
258 3403 380 3482 conlega
399 3404 461 3464 eius
475 3404 512 3465 Μ.
530 3405 649 3476 Atilius,
670 3413 704 3467 nt
719 3405 864 3467 exereitus
883 3401 920 3463 ab
937 3419 969 3462 se
983 3417 1033 3460 ex-

86 3476 144 3531 aeto
157 3479 213 3541 iam
227 3502 321 3567 prope
333 3488 469 3548 semestri
482 3488 606 3567 imperio
621 3490 799 3568 acciperent.

124 3585 148 3621 r·
165 3591 224 3632 crvx
240 3600 309 3639 rua
328 3603 362 3640 u.
789 3578 828 3638 19
