2396 3920
148 230 187 294 16
284 244 378 286 arnan
391 228 449 287 vri.
470 242 539 285 car.
555 230 597 283 15.
615 230 655 282 ld.
674 220 714 303 [a.
728 244 761 285 u.
777 243 803 284 c.
818 219 959 303 ead-ass]

148 400 211 463 tor,
227 398 382 471 postquam
397 388 544 450 labantem
565 407 623 450 una
643 397 727 466 parte
749 386 821 448 vidit
837 387 943 458 aciem,
966 389 1050 466 signa
1073 390 1108 449 in
1165 397 1186 424 *¹¹¹

146 475 260 539 laevum
288 472 530 545 cornueoniert,
557 490 615 553 quo
641 470 757 533 turbam
778 472 906 532 hostium
927 475 1109 551 congregari
1166 454 1187 515 ²¹

149 558 303 627 cernebat,
320 566 350 618 et
363 558 413 629 iis,
426 558 477 636 qui
493 558 525 617 in
541 564 640 616 monte
656 563 752 626 erant,
770 556 888 635 signum
903 553 982 634 quod
997 573 1108 618 conve·
1160 554 1187 623 ,aa

118 649 235 704 inerat
251 640 342 703 dedit.
369 641 422 703 ubi
435 640 504 702 inde
519 657 636 719 quoque
650 656 741 699 novus
757 637 869 699 clamor
883 649 979 708 ortus,
998 647 1028 699 et
1039 647 1108 702 ten-
1159 628 1187 691 lo

147 726 219 787 dere
242 723 362 804 obliquo
382 731 483 786 monte
503 723 540 785 ad
561 731 656 785 castra
676 721 827 783 Gallorum
846 722 900 782 risi
926 729 1010 792 sunt,
1039 730 1107 783 tuna
1170 725 1187 768 ‘l

146 816 238 878 metu,
254 827 292 870 ne
304 807 539 879 excluderentur,
554 808 662 868 omissa
676 824 775 886 pugna
786 812 840 876 est,
852 820 999 885 cursuque
1010 804 1108 868 effrrso
1162 807 1184 886 -Ῑέ

114 899 132 951 d
146 893 183 956 ad
198 900 293 955 castra
309 891 488 954 terebantur.
517 890 570 952 ubi
586 908 654 951 cum
669 890 846 953 occurrisset
860 889 902 949 eis
914 887 953 950 Μ.
970 887 1108 952 Valerius
1163 886 1187 969 il

147 978 289 1055 magister
300 977 446 1056 equitum,
463 977 516 1054 qui
525 973 681 1054 profligato
692 973 796 1034 dextro
806 986 902 1034 cornu
914 971 1109 1052 obequitabat
1163 962 1187 1049 ‘q

146 1060 275 1120 hostium
289 1059 495 1128 munimentis,
517 1057 553 1121 ad
568 1065 684 1120 montes
697 1055 842 1137 silvasque
855 1063 974 1117 vertunt
992 1056 1106 1135 fugam
1176 1050 1187 1102 n

115 1150 130 1199 7
146 1140 324 1221 plurimlque
338 1141 380 1203 ibi
394 1160 411 1204 a
426 1141 523 1203 fallaci
535 1142 666 1222 equiturn
682 1142 780 1220 specie
799 1139 1031 1221 agasonibusque
1047 1158 1102 1201 ex·
1176 1142 1187 1206 ’ἦ

71 1222 75 1225 ’
148 1228 225 1305 cepti
244 1232 328 1294 subtr
358 1233 525 1296 eteorum,
554 1243 628 1305 quos
652 1242 744 1305 pavor
767 1223 935 1304 perculerat
954 1224 987 1284 in
1006 1222 1104 1294 silvas,
1178 1230 1182 1263 ’-

115 1314 232 1371 aanor
247 1309 352 1371 caedes
368 1316 436 1390 post
450 1308 583 1371 sedatum
597 1307 743 1388 proelium
763 1308 828 1368 fuit.
870 1325 926 1368 nec
942 1307 1016 1369 alins
1035 1316 1108 1386 post
1181 1312 1183 1319 “

146 1393 185 1454 ll.
207 1393 328 1455 Furium
350 1411 437 1474 quam
465 1393 496 1454 C.
519 1391 667 1472 Sulpicius
691 1391 843 1453 iustiorem
868 1388 1016 1452 dedallis
1043 1391 1108 1470 egit
1181 1426 1184 1435 ·

145 1474 337 1558 triumphum.
368 1480 431 1539 auri
447 1494 564 1557 quoque
579 1494 616 1537 er
630 1473 748 1538 Gallicis
761 1474 864 1554 spoliis
877 1475 948 1535 satis
963 1472 1106 1554 magnum
1184 1478 1187 1519 ²

146 1561 262 1641 pondus
277 1580 347 1624 saxo
360 1561 502 1641 quadrato
517 1567 650 1641 saeptum
666 1561 698 1620 in
714 1556 856 1638 Capitolio
870 1559 1003 1619 sacravit.

116 1650 133 1701 9
210 1645 322 1706 Eodem
343 1662 421 1706 anno
440 1653 469 1705 et
488 1663 505 1705 a
526 1643 695 1706 consulibus
717 1644 797 1703 vario
818 1649 924 1702 eventu
944 1639 1105 1703 bellatum:

79 1772 81 1775 -
146 1744 215 1787 nam
229 1727 350 1787 llernici
367 1745 384 1786 a
399 1727 430 1788 C.
444 1725 557 1788 Plautio
578 1725 683 1787 devicti
697 1722 869 1804 subactique
888 1731 971 1803 sunt,
993 1724 1107 1788 Fabius
1186 1802 1187 1808 ἵ

145 1807 258 1888 collega
278 1811 340 1870 eius
355 1811 472 1871 incaute
485 1817 572 1888 atque
581 1806 746 1870 inconsulte
757 1808 896 1869 adversus
908 1807 1107 1888 Tarquinien-

99 1894 195 1955 iises
214 1893 363 1972 pugnavit.
401 1910 457 1952 nec
482 1893 512 1952 in
534 1893 596 1954 acie
619 1898 733 1953 tautum
761 1890 803 1952 ibi
824 1890 915 1953 cladis
938 1897 1105 1972 acceptum,

144 1992 231 2055 quam
246 1975 325 2057 quod
341 1983 489 2037 trecentos
502 1983 616 2056 septem
630 1974 739 2038 milites
753 1975 901 2037 Romanos
916 1983 1016 2056 captos
1027 1976 1105 2036 'Far-
1161 1988 1166 1997 “
1186 2020 1187 2023 ¹

59 2078 64 2085 ·
144 2060 314 2140 quinienses
335 2058 538 2130 immolarunt,
561 2078 619 2140 qua
639 2059 777 2123 foeditate
793 2057 930 2140 supplicii
952 2058 1105 2140 aliquanto
1186 2080 1187 2103 ³

104 2150 133 2202 11
145 2144 307 2222 ignominia
320 2142 421 2223 populi
434 2142 559 2206 Romani
570 2145 736 2223 insignitior
752 2143 815 2205 tuit.
846 2143 969 2205 accessit
983 2143 1019 2204 ad
1035 2160 1104 2206 eam
1186 2164 1187 2187 ¹

144 2227 258 2290 cladem
273 2236 303 2290 et
318 2228 437 2289 vastatio
452 2226 578 2290 Romani
593 2229 672 2307 agri,
694 2244 783 2306 quam
797 2227 997 2298 Priremates,
1022 2226 1106 2288 Veli-

144 2313 222 2371 terni
238 2310 360 2382 deinde,
376 2312 545 2373 incursione
561 2311 714 2389 repentina
728 2310 873 2372 iecerunt.

103 2399 136 2450 12
209 2392 320 2455 Eodem
335 2412 412 2455 anno
425 2394 498 2457 dnae
514 2394 624 2465 tribus,
639 2394 794 2474 Pomptina
811 2401 841 2454 et
856 2392 996 2465 Publilia,
1018 2392 1104 2456 addi·
1185 2418 1187 2429 ·

143 2485 206 2548 tae;
227 2477 290 2540 ludi
301 2479 405 2550 voum,
434 2496 509 2560 quos
533 2478 572 2541 Μ.
594 2479 700 2539 Furius
713 2475 845 2538 ‘dictator
865 2485 997 2548 voverat,
1019 2477 1104 2539 iacti.

143 2571 173 2624 et
188 2562 225 2624 de
246 2561 357 2625 ambitu
372 2562 409 2626 ab
427 2563 458 2626 C.
473 2563 604 2626 Poetelio
612 2562 736 2625 tribuno
752 2560 849 2641 plebis
864 2560 1033 2622 auctoribus
1047 2579 1103 2641 pa·

101 2647 237 2727 ratribus
251 2656 313 2708 tum
326 2649 455 2726 primum
470 2646 506 2708 ad
517 2645 760 2728 populumlatnm
772 2653 830 2716 est,
843 2660 936 2724 eaque
946 2645 1104 2723 rogatione

122 2732 124 2736 '
143 2746 285 2789 novorum
303 2731 430 2790 maxime
445 2731 599 2790 hominum
615 2728 821 2796 ambitionem,
841 2730 892 2809 qul
907 2728 1057 2800 nundinas
1071 2737 1105 2791 et

143 2809 338 2872 conciliabula
367 2810 451 2872 obire
476 2810 554 2871 soliti
578 2819 676 2882 erant,
703 2828 891 2891 conpressam
928 2811 1102 2875 credebant.

111 2900 125 2950 1
140 2893 213 2956 xvi.
242 2892 326 2955 Haud
344 2909 436 2973 aeque
450 2892 527 2954 laeta
540 2893 674 2974 patribus
693 2896 860 2976 insequenti
880 2913 959 2957 anno
975 2896 1006 2958 C.
1022 2896 1103 2958 blar-

141 2980 188 3039 cio
208 2978 261 3040 Cn.
283 2976 391 3039 Manlio
411 2975 581 3039 consulibus
595 2978 632 3040 de
649 2978 782 3043 unciario
796 2979 917 3042 faenore
934 2999 960 3042 a.
974 2979 1013 3042 Μ.
1029 2979 1102 3042 boi-

140 3061 180 3123 lio
207 3063 240 3124 L.
261 3061 398 3123 Menenio
430 3060 557 3124 urbanis
585 3060 680 3142 plebis
707 3065 827 3142 rogatio
842 3071 887 3125 est
911 3062 1054 3143 perlatas
1071 3072 1103 3126 et

141 3145 236 3224 plebis
250 3145 401 3226 aliquanto
418 3162 483 3207 eam
501 3146 636 3227 cupidius
649 3147 733 3207 seivit
748 3144 895 3232 [accepit].

108 3234 126 3284 a
202 3229 247 3291 Ad
269 3228 347 3291 bella
366 3247 440 3291 nova
463 3233 563 3309 priore
589 3246 667 3291 anno
691 3230 833 3292 destinata
853 3229 961 3293 Falisci
979 3250 1101 3311 quoque

140 3312 240 3373 hostes
256 3315 352 3374 exorti
373 3312 485 3395 duplici
505 3315 642 3386 crimine,
665 3313 744 3394 quod
766 3322 795 3374 et
817 3331 884 3375 curn
902 3314 1100 3394 Tarquinien-
1182 3328 1187 3415 q

141 3393 223 3457 sibus
236 3397 371 3459 iuventus
383 3416 486 3462 eorum
498 3398 684 3471 militaverat,
702 3406 731 3459 ct
744 3415 808 3468 eos,
825 3399 875 3477 qui
885 3392 1017 3457 Falerios
1027 3415 1100 3476 per-

140 3478 293 3557 fugerant,
307 3497 375 3542 cum
390 3483 467 3545 male
479 3492 643 3564 pugnatum
655 3491 713 3555 est,
730 3479 932 3561 repetentibus
949 3477 1100 3545 sodalibus

1186 3862 1187 3893 l
