2290 3920
67 241 128 302 210
233 256 335 306 ,hinnu
347 256 412 296 xx1.
429 254 498 297 oar.
516 241 543 298 d.
558 243 584 294 7.
600 242 625 293 8.
643 232 682 315 [a.
698 258 728 295 u.
748 257 773 294 c.
787 232 849 314 hid]

37 412 121 484 itque
136 421 172 465 ex
186 404 325 482 Hispania
340 401 451 480 legatos
473 411 639 464 censerent.
674 401 748 462 haec
769 400 929 472 sententia,
950 419 1030 480 quae
1144 391 1145 418 l

65 488 209 548 tutissima
224 486 393 557 videbatur,
414 488 498 556 vicit;
523 486 670 566 legatique
687 503 722 545 eo
738 485 882 546 maturius
896 486 979 546 missi
992 485 1029 547 P.

65 569 197 632 Valerius
214 570 337 632 Flaccus
356 578 387 630 et
408 568 442 640 Q.
464 569 591 649 Baebius
613 568 785 649 Tamphilus
805 570 967 645 Saguntum
990 569 1029 630 ad

65 654 259 716 Hannibalem
278 649 455 733 atque'inde
470 654 691 732 Carthaginem,
711 654 815 713 sinon
834 650 1030 713 absisteretur

65 737 158 808 hello,
179 739 215 799 ad
230 739 335 800 ducem
359 739 455 817 ipsum
478 740 510 798 in
532 756 658 817 poenam
682 736 811 798 foederis
832 736 915 815 rupti
935 736 1028 807 depo·

66 823 216 884 scendum.

39 915 53 966 1
127 907 185 968 Vll.
212 907 287 967 ilum
310 923 343 965 ca
364 904 489 966 Romani
505 912 612 983 parant
632 900 869 982 consultantque,
892 904 951 964 iam
973 903 1027 964 Sa·

40 997 192 1069 rguutum
210 1008 323 1050 summa
345 990 373 1047 vi
388 989 627 1068 oppugnabatur.
667 989 767 1048 civitas
790 1005 823 1047 ea
843 985 931 1066 louge
952 1005 1027 1065 opu·

66 1074 226 1135 lentissima
248 1071 323 1133 ultra
337 1071 481 1133 iiibernm
505 1074 575 1142 iuit,
597 1074 651 1133 sita
670 1088 773 1151 passus
794 1070 874 1130 mille
895 1071 1028 1132 sermea

65 1159 150 1216 mari.
181 1156 297 1216 oriundi
312 1174 328 1216 a
345 1156 494 1234 Zacyntho
504 1155 598 1217 insuia
614 1156 766 1224 dicuntur,
781 1155 922 1233 mixtique
937 1155 1027 1215 ctiam

37 1240 104 1300 tab
119 1239 215 1300 Ardea
230 1239 405 1300 Rutulorum
427 1240 543 1318 quidam
565 1242 698 1318 generis;
726 1245 856 1300 ceterum
878 1240 909 1297 in
929 1245 1028 1299 tantas

65 1323 148 1384 brevi
165 1330 319 1384 creverant
334 1341 406 1402 opes
421 1342 474 1385 seu
487 1324 643 1384 maritimis
653 1341 706 1383 seu
718 1320 909 1383 terrestribus
922 1320 1013 1382 fructi

65 1407 121 1467 hus
136 1425 188 1468 seu
201 1406 395 1467 multitudinis
410 1409 593 1469 incremento
611 1424 664 1467 seu
676 1404 846 1484 disciplinae
860 1407 1026 1476 sanctitate,

66 1509 123 1569 qua
138 1491 225 1552 fldem
242 1490 379 1551 socialem
395 1509 488 1571 usque
509 1491 547 1551 ad
567 1491 729 1570 perniciem
754 1506 835 1549 suam
859 1488 1025 1550 coluerunt.

40 1575 215 1635 aHannihai
229 1576 337 1635 infesto
354 1578 485 1643 exercitu
508 1577 658 1652 ingressus
677 1573 745 1633 finis
763 1574 936 1652 pervastatis
957 1592 1026 1650 pas·

39 1661 122 1719 isim
138 1661 219 1736 agris
231 1658 337 1719 urbem
354 1660 502 1737 tripertito
517 1658 696 1735 adgreditur.
724 1655 849 1734 angulus
866 1657 944 1716 muri
961 1664 1027 1716 erat

66 1744 98 1802 in
123 1741 287 1820 planiorem
315 1744 569 1820 patentioremque
589 1760 676 1821 quam
699 1750 797 1801 cetera
818 1736 896 1800 cirea
919 1739 1021 1801 vallem

66 1843 205 1902 vergens:
229 1825 368 1885 adversus
389 1844 455 1886 eum
477 1828 575 1885 vineas
599 1842 686 1903 agere
708 1825 848 1893 institnit,
875 1841 930 1901 per
952 1841 1027 1902 quas

39 1909 144 1968 caries
169 1907 325 1969 moenibus
348 1908 497 1969 admoveri
522 1916 631 1988 posset.
682 1908 791 1970 sedni
816 1907 898 1967 iocus
920 1906 1027 1987 procul

65 2008 152 2050 muro
171 1992 243 2051 satis
263 2010 373 2070 aequus
394 1993 515 2069 agendis
533 1994 626 2059 vineis
648 1992 716 2061 luit,
738 1993 778 2052 ita
798 1991 1025 2070 haudquaquam

64 2091 221 2154 prospere,
236 2085 389 2154 postquam
402 2075 437 2135 ad
450 2077 585 2136 ellectum
598 2078 696 2155 operis
707 2084 824 2135 ventum
837 2083 896 2144 est,
913 2076 1026 2154 coeptis

38 2157 248 2229 isuccedebat.
278 2167 308 2219 et
327 2161 418 2219 turris
437 2160 543 2237 ingens
557 2159 734 2228 inminebat,
750 2168 780 2219 ct
794 2176 910 2228 murus,
938 2165 970 2219 ut
993 2160 1024 2220 in

65 2254 202 2321 suspecto
217 2243 296 2312 loco,
319 2261 408 2322 supra
429 2251 545 2304 ceterae
560 2243 680 2304 modum
700 2242 862 2304 altitudinis
876 2243 1026 2303 emunitus

66 2333 145 2394 erat,
160 2335 189 2386 et
204 2328 338 2388 iuventus
350 2328 477 2397 delecta,
493 2328 543 2388 uhi
557 2328 716 2406 plurimum
728 2325 853 2406 periculi
864 2344 899 2386 ac
910 2327 1025 2387 timoris

38 2409 289 2480 sustentemur,
304 2410 345 2472 ibi
362 2410 388 2470 vi
403 2413 514 2472 maiore
531 2410 720 2472 obsistebant.
754 2428 789 2471 ac
809 2412 906 2488 primo
927 2408 1024 2471 missi·

66 2492 141 2554 libus
160 2494 333 2555 submovere
354 2496 468 2557 hostem
491 2496 722 2574 necquicquam
746 2496 816 2555 satis
841 2504 935 2555 tutum
957 2512 1025 2555 mu·

66 2578 215 2638 nientihus
227 2581 300 2657 pati,
316 2580 423 2640 deinde
441 2582 499 2639 iam
518 2597 578 2638 nou
592 2596 648 2657 pro
662 2578 818 2639 moenibus
831 2578 921 2640 modo
936 2587 1024 2656 atque

65 2664 142 2722 turri
155 2661 212 2722 tela
225 2665 349 2732 micare,
371 2664 422 2723 sed
447 2663 483 2723 ad
501 2663 715 2741 erumpendum
732 2663 819 2722 etiam
836 2664 867 2721 iu
882 2663 1024 2723 stationes

36 2750 213 2823 lioperaque
231 2747 356 2805 hostium
373 2748 488 2806 animus
503 2756 580 2814 erat;
599 2746 707 2824 quihus
719 2745 916 2806 tumultuariis
927 2753 1023 2806 certa·

64 2825 193 2887 minibus
205 2828 281 2887 haud
293 2831 386 2888 ierme
397 2829 497 2907 plures
505 2831 657 2907 Saguntini
671 2830 815 2890 cadebant
824 2848 910 2907 quam
920 2830 1023 2890 Poeni.

22 2916 57 2969 10
65 2919 97 2970 ut
112 2928 182 2969 vero
198 2910 341 2971 iiannihai
356 2922 434 2989 ipse,
457 2912 526 2972 dum
547 2932 663 2973 murum
687 2914 829 2974 incautius
854 2913 946 2982 subit,
969 2912 1023 2973 ad·

63 3012 180 3054 uersum
203 2993 300 3053 lemur
317 2995 430 3072 tragula
452 2998 579 3073 graviter
594 2999 670 3058 lctus
694 2999 813 3067 cecidit,
841 3006 921 3058 tauta
943 2997 1024 3057 circa

64 3078 133 3156 iuga
148 3095 182 3137 ac
197 3078 353 3156 trepidatio
366 3080 435 3150 iuit,
449 3090 481 3140 ut
495 3099 554 3141 non
568 3081 693 3142 muitum
703 3080 833 3151 abesset,
848 3085 919 3161 quin
932 3097 1025 3160 opera

64 3179 99 3220 ac
115 3163 216 3222 vineae
231 3162 448 3225 desererentur.

33 3249 51 3307 1
129 3244 200 3305 viii.
231 3246 352 3307 Obsidio
378 3247 483 3308 deinde
509 3266 563 3327 per
588 3266 698 3326 paucos
723 3248 786 3308 dics
811 3251 906 3326 magis
933 3266 1021 3327 quan:

65 3329 243 3402 oppugnatio
258 3331 327 3399 luit,
351 3331 419 3391 dum
442 3331 546 3392 vulnus
568 3332 650 3391 ducis
670 3343 832 3392 curaretur.
869 3351 922 3411 per
941 3332 1024 3410 quod

64 3414 179 3483 tempus
194 3421 225 3468 ut
237 3415 319 3488 ‹prries
334 3417 526 3474 certaminum
543 3426 619 3484 erat,
632 3417 671 3474 lta
686 3416 724 3475 ab
739 3427 879 3495 apparatu
895 3433 1022 3494 operum

34 3494 99 3548 iac
117 3492 311 3553 munitionum
332 3497 405 3556 nihii
421 3508 574 3559 cessatum.
611 3500 708 3579 itaque
734 3504 830 3560 acrius
847 3501 884 3559 de
901 3502 1022 3575 integro
