2350 3922
279 244 282 249 ‹
305 227 399 267 urrann
412 227 489 270 1111.
505 227 572 268 car.
588 215 632 268 59.
646 205 685 287 [a.
701 209 735 270 O.
750 207 810 290 216]
976 213 1039 276 313

77 382 135 435 est.
168 391 292 451 quorum
313 374 451 452 princeps
466 372 621 435 uranius
640 382 764 452 „patres
786 374 970 454 conscripti“
991 376 1037 437 in·

77 459 160 538 quit,
178 474 293 527 „nemo
308 464 444 518 nostrum
460 458 578 535 ignorat
591 455 665 517 nulli
679 475 818 536 umquam
834 459 941 519 civitati
955 457 1037 519 vilio·

77 560 128 602 res
144 541 235 601 luisse
250 540 378 621 captivos
393 558 480 620 quarn
495 551 629 609 nostrae:
647 548 791 611 ceterum,
806 542 863 602 nisi
873 542 958 602 nobis
973 541 1067 621 plus?

76 626 155 687 iusto
171 632 271 686 nostra
287 623 383 703 placet
395 641 497 694 causa,
524 642 584 686 non
604 624 654 686 alii
668 643 806 704 umquam
820 626 918 686 minus
938 624 1033 703 negle-

75 708 169 787 gendi
188 707 270 769 vobis
296 725 382 787 quam
404 725 457 769 nos
483 709 515 767 in
540 709 668 769 bostium
686 716 860 787 potestatem
883 718 1035 770 venerunt.

75 810 138 853 non
156 792 280 853 enimin
296 793 357 852 acie
374 808 428 870 per
442 792 579 855 timorem
593 809 675 855 arma
692 791 879 862 tradidimus,
899 793 951 853 sed
969 800 1067 853 cum-3

74 893 174 955 prope
186 875 222 935 ad
238 882 355 936 noctem
369 881 568 955 superstantes
579 875 703 936 cumulis
715 892 868 937 caesorum
879 892 1037 955 corporum

74 957 224 1020 oroelium
246 959 485 1029 extraxissemus,
516 960 547 1019 in
570 967 665 1020 castra
693 960 858 1037 recepimus
883 977 953 1028 nos;
979 959 1064 1021 dicia

74 1041 227 1120 reliquum
239 1060 272 1103 ac
284 1049 402 1104 noctem
413 1043 616 1122 insequentem
630 1042 699 1104 lessi
710 1041 811 1105 labore
822 1061 856 1104 ac
867 1042 1037 1104 vulneribus

73 1125 185 1187 vallum
212 1143 313 1187 sumus
337 1127 437 1195 tutati;
461 1133 581 1206 postero
608 1126 668 1197 die,
697 1145 762 1188 cnm
788 1127 973 1188 circumsessi
1001 1125 1065 1185 abo

74 1210 210 1270 exercitu
224 1210 334 1270 victore
355 1227 429 1288 aqua
449 1227 632 1280 arceremur,
660 1228 716 1270 nec
734 1208 792 1270 ulla
812 1212 871 1272 iarn
891 1228 945 1290 per
965 1227 1035 1271 con·

72 1294 171 1354 fartos
187 1292 280 1365 bostis
296 1293 470 1372 erumpendi
492 1310 559 1372 spes
573 1301 665 1362 esset,
687 1311 742 1353 nec
760 1310 824 1353 esse
844 1296 927 1356 aclas
948 1294 1036 1355 duce·

32 1398 38 1413 ·
71 1393 179 1437 remus
194 1376 405 1455 quinquaginta
418 1374 537 1436 milibus
556 1376 709 1437 bominum
725 1394 761 1436 ex
777 1377 838 1436 acie
852 1385 953 1439 nostra
974 1385 1035 1436 tru-

72 1460 182 1520 cidatis
198 1457 325 1539 aliquem
339 1477 376 1520 ex
389 1459 535 1520 Cannensi
556 1476 654 1538 pugna
668 1459 833 1519 Romanurn
851 1458 973 1520 militem
987 1478 1034 1519 re·

72 1553 172 1613 stare,
193 1548 264 1603 tunc
285 1542 403 1604 demum
423 1545 501 1622 pacti
527 1560 629 1604 snmus
649 1544 792 1620 pretium,
814 1560 871 1620 quo
892 1541 1068 1619 redemptio

73 1628 308 1696 dimitteremur,
325 1644 422 1697 arma,
438 1627 469 1686 in
482 1625 588 1705 quibus
599 1624 671 1689 nibil
683 1626 741 1685 iam
752 1623 852 1685 auxilii
863 1633 947 1694 erat,
958 1625 1036 1685 bosti

72 1708 260 1772 tradidimus.
289 1712 416 1771 maiores
432 1727 548 1789 quoque
564 1726 772 1787 acceperamus
785 1725 816 1769 se
832 1707 950 1768 adallis
964 1715 1063 1771 auron

72 1794 253 1864 redemisse,
275 1800 306 1854 et
325 1801 424 1873 patres
444 1800 570 1862 vestros,
595 1793 773 1870 asperrimos
795 1789 860 1852 illos
883 1791 919 1851 ad
935 1792 1035 1852 condi·

74 1878 209 1939 diciones
225 1878 320 1955 pacis,
345 1875 457 1955 legatos
476 1882 575 1937 tamen
593 1875 774 1954 captivorum
795 1874 1034 1937 redimendorum

5 1960 7 1979 ¹
74 1962 172 2040 gratia
188 1960 348 2020 Tarentum
363 1960 487 2020 misisse.
522 1961 601 2038 atqui
616 1958 697 2019 etad
711 1957 805 2020 Aliam
821 1977 888 2020 cum
901 1958 990 2020 Gallis
1006 1963 1067 2019 etit

75 2043 114 2105 ad
130 2042 303 2104 Heracleam
320 2061 387 2104 cum
401 2042 515 2122 Pyrrho
529 2051 653 2122 utraque
668 2050 804 2104 nontam
819 2042 901 2104 clade
915 2043 1034 2103 infamis

74 2144 165 2208 quarn
181 2144 288 2205 pavore
301 2135 330 2186 et
347 2127 416 2205 luga
430 2145 528 2206 pugna
543 2127 606 2187 luit.
636 2126 797 2187 Cannensis
808 2142 926 2203 campos
939 2127 1035 2185 acervi

74 2212 277 2272 Romanorum
301 2227 458 2290 corporum
478 2216 594 2287 tegunt,
619 2227 674 2269 nec
698 2225 888 2288 supersumus
909 2225 1033 2287 pugnae,

74 2295 134 2355 nisi
147 2291 304 2372 inquibus
318 2292 499 2354 trucidandis
514 2300 543 2351 et
556 2292 669 2353 serrum
687 2297 717 2351 et
732 2293 807 2351 vires
824 2291 940 2351 hostem
955 2290 1005 2350 dei
1022 2323 1034 2336 -

5 2384 6 2387 ’
75 2383 192 2439 cerunt.
223 2385 292 2438 sunt
307 2377 393 2438 etiam
409 2376 446 2436 de
460 2376 568 2436 nostris
582 2373 715 2453 quidam,
731 2375 785 2453 qui
799 2391 836 2434 ne
850 2375 883 2434 in
898 2374 1064 2452 aciequi·9
1099 2356 1112 2385 ‘

76 2461 145 2522 dem
164 2459 353 2538 refugerunt,
375 2458 427 2520 scd
441 2458 589 2539 praesidio
604 2459 707 2518 castris
721 2456 831 2527 relicti,
855 2474 924 2516 cum
940 2465 1035 2517 castra

74 2543 272 2613 traderentur,
284 2544 314 2604 in
322 2541 630 2623 potestatembostium
639 2548 788 2602 venerunt.
811 2539 889 2601 baud
897 2539 1032 2617 equidem
1044 2546 1078 2597 lt.
1168 2558 1169 2565 ¹

74 2627 165 2689 ullius
175 2629 245 2687 civis
260 2635 289 2688 et
303 2625 509 2688 commilitonis
523 2625 657 2686 fortunae
672 2632 722 2686 aut
733 2623 898 2697 condicioni
909 2621 1034 2691 invideo,

74 2729 132 2771 nec
152 2711 315 2790 premendo
335 2711 423 2771 alium
446 2727 493 2769 me
515 2708 651 2782 extulisse
665 2706 767 2769 velim:
793 2726 830 2767 ne
850 2705 892 2766 illi
906 2704 1033 2784 quidem,

75 2797 134 2859 nisi
154 2796 337 2874 pernicitatis
359 2794 467 2874 pedum
484 2800 513 2853 et
534 2811 637 2854 cursus
663 2790 778 2872 aliquod
798 2791 961 2870 praemium
982 2798 1034 2858 est,

76 2881 127 2959 qui
150 2877 284 2958 plerique
303 2880 432 2939 inermes
453 2895 489 2937 ex
511 2877 572 2936 acie
597 2876 742 2954 fugientes
763 2891 822 2934 non
843 2874 925 2953 prius
947 2892 1035 2952 quam

75 2962 220 3023 Venusiae
240 2970 290 3024 aut
306 2963 412 3024 Canusi
431 2962 641 3029 constiterunt,
665 2978 697 3020 se
718 2957 803 3021 nobis
822 2959 929 3018 merito
949 2975 1034 3035 prae·

75 3045 199 3106 tulerint
214 3044 385 3125 gloriatique
400 3045 503 3106 sintin
517 3062 550 3104 se
563 3042 728 3123 plusquam
744 3044 776 3101 in
789 3040 935 3102 nobismet
948 3057 1034 3116 prae·

74 3130 143 3190 sidii
156 3130 202 3195 ,rei
226 3128 360 3209 publicae
376 3146 449 3189 esse.
481 3126 533 3189 sed
557 3135 586 3187 et
606 3125 664 3186 illis
679 3124 763 3185 bonis
778 3142 812 3185 ac
834 3121 958 3183 sortibus
977 3123 1031 3182 mi·
1046 3127 1076 3177 lt

73 3212 178 3273 litibus
198 3213 321 3273 utemini
342 3220 372 3272 et
395 3211 480 3272 nobis
501 3211 589 3271 etiam
608 3207 836 3289 promptioribus
858 3224 912 3285 pro
932 3207 1034 3284 patria,

74 3296 155 3376 qnod
172 3295 315 3357 beneflcio
334 3303 430 3357 vestro
445 3293 592 3373 redempti
607 3302 693 3371 atque
710 3294 741 3352 in
765 3291 889 3371 patriam
910 3291 1037 3350 restituti

72 3380 231 3441 fuerimus.
274 3377 411 3440 dilectum
431 3396 467 3438 ex
487 3379 568 3438 omni
595 3383 689 3438 aetate
711 3384 740 3437 et
765 3375 882 3436 fortuna
904 3373 1033 3441 habetis;
1048 3379 1083 3430 12

71 3471 144 3526 octo
166 3461 246 3525 milia
267 3465 418 3525 serrorum
438 3460 524 3522 audio
544 3461 662 3522 armari.
699 3476 758 3521 non
778 3461 875 3521 minor
897 3473 1038 3520 numerus
