2290 3920
279 260 371 303 aman
386 262 450 304 m.
467 262 534 305 oar.
551 249 592 302 10.
611 251 650 304 11.
666 241 704 323 [a.
723 242 832 327 0.·110]
970 248 1033 312 213

95 405 185 468 ‘dedus
199 409 336 488 rupisset,
352 417 472 471 eventus
485 408 555 469 belli
567 407 646 470 velut
660 428 770 489 aequus
780 411 881 481 iudex,
895 410 975 473 unde
989 413 1035 471 ius
1053 484 1056 493 ,

93 489 185 560 stabat,
198 494 225 553 01
238 492 483 554 victoriamdedit.
508 493 676 572 Carthagini
690 511 768 555 nunc
775 494 921 557 Hannibal
934 496 1058 556 vineas't

93 582 234 654 turresque
249 575 397 647 admovet,
418 576 601 655 Carthaginis
615 579 731 639 moenia
746 579 839 658 quatit
853 581 958 641 ariete:
982 579 1034 640 Sa·

92 660 335 735 101111010οθ-
350 659 440 723 salsus
453 663 565 722 utinam
587 669 666 723 vates
681 663 737 723 sim
754 695 789 707 -
808 664 916 723 nostris
933 664 1034 742 capiti·

92 740 140 802 bus
152 743 288 814 incident,
303 753 531 823 susceptumque
544 762 611 807 cum
623 746 791 824 Saguntinis
802 743 912 807 bellum
922 744 1036 806 haben·
1072 814 1076 826 ‚

14 824 15 827 ’
91 824 152 887 dum
167 843 231 889 cum
246 827 386 890 Romanis
401 836 454 890 cst
488 828 629 890 dedemus
644 847 716 908 ergo
730 828 941 891 Hannibaleml
957 827 1059 890 dioetl

91 907 193 988 aliquis.
224 912 286 972 scio
300 930 397 973 meam
408 911 503 973 levem
518 931 583 975 esse
597 915 627 973 in
645 932 680 975 eo
697 914 899 975 auctoritatem
913 919 1037 993 propter

90 1000 216 1071 paternas
229 995 412 1066 immicitias3
427 996 479 1058 scd
490 1003 519 1057 et
530 996 727 1060 Hamilcarem
743 1015 779 1058 eo
788 998 902 1076 perisse
912 997 1036 1058 laetatus
1074 1024 1080 1085 3

91 1092 162 1148 sum,
182 1079 274 1157 quod,
296 1078 392 1140 stille
413 1081 536 1151 1110101,
558 1080 668 1143 bellum
688 1083 745 1142 iam
767 1081 945 1143 haberemus
969 1097 1036 1141 enm
1074 1098 1080 1149 1

89 1158 233 1233 Humanis,
262 1170 293 1224 et
313 1163 393 1225 hunc
422 1165 557 1226 iuvenem
584 1172 734 1245 tamquam
754 1166 861 1227 iuriam
882 1166 1036 1243 facemque
1075 1162 1085 1251 1

90 1243 167 1306 huius
179 1245 249 1307 belli
260 1247 311 1309 odi
329 1265 363 1308 ac
379 1246 523 1319 detestor;
545 1266 601 1309 nec
620 1249 787 1311 dedendum
802 1250 897 1311 solum
918 1249 955 1311 ad
972 1248 1034 1327 pia·
1048 1252 1091 1307 1²5

90 1327 177 1390 culum
188 1332 268 1410 rupti
283 1331 427 1403 foederis,
444 1331 511 1402 sed,
527 1333 553 1392 sl
567 1349 654 1393 nemo
670 1332 816 1411 deposcit,
833 1333 1036 1394 devehendum
1087 1318 1100 1425 ξ

91 1410 118 1471 in
129 1412 241 1477 ultimos
255 1416 347 1476 maris
362 1423 568 1495 terrarumque
580 1433 661 1485 oras,
676 1414 871 1494 ablegandum
887 1434 940 1485 eo,
956 1414 1035 1476 unde
1094 1430 1102 1483 1,

90 1511 137 1555 nec
150 1497 183 1558 ad
196 1516 251 1559 nos
266 1516 376 1560 nomen
393 1499 529 1578 famaque
547 1500 609 1560 eius
624 1498 766 1559 accedere
781 1517 877 1578 neque
890 1497 940 1559 ille
958 1497 1036 1557 solli·
1097 1508 1103 1547 2

90 1580 171 1642 citare
187 1584 303 1661 quietae
319 1584 442 1644 civitatis
457 1590 564 1644 statum
585 1585 686 1661 possit
723 1599 777 1661 ego
793 1584 832 1642 ita
848 1598 970 1649 censeo,
993 1580 1034 1641 le·
1047 1584 1079 1636 13

90 1670 165 1739 gatos
174 1665 323 1744 extemplo
337 1666 460 1728 Romam
473 1665 645 1737 mittendos,
659 1667 709 1746 qui
724 1668 837 1727 senatui
849 1664 1036 1732 satisfaciant,

89 1744 165 1819 alios,
191 1751 241 1829 qui
263 1748 423 1811 Hannibali
443 1752 594 1820 nuntient,
617 1758 651 1811 ut
673 1750 834 1811 exercitum
854 1749 890 1810 ah
907 1749 1037 1826 Sagunto

89 1828 217 1903 abducat,
241 1835 400 1913 ipsumque
417 1833 611 1895 Hannibalem
633 1852 669 1895 ex
691 1833 812 1894 loedere
831 1834 972 1896 Romanis
987 1831 1037 1891 de·

89 1910 164 1984 lanu
179 1920 297 1978 tertiam
312 1915 490 1995 legationem
505 1917 540 1978 ad
555 1936 604 1979 res
621 1918 791 1997 Saguntinis
805 1916 971 1979 reddendas
987 1915 1037 1975 de·

12 2016 13 2021 ¹
89 2010 201 2060 cerno.“
251 2000 302 2062 xl.
339 2001 412 2062 Cum
432 2001 537 2062 Hanno
565 2010 746 2079 perorasset,
772 2004 884 2064 nemini
907 2002 1067 2061 omniuml

90 2090 195 2144 certare
220 2086 355 2146 oratione
376 2102 443 2146 cum
465 2103 500 2145 eo
515 2103 635 2146 11000000
655 2085 724 2147 luit:
745 2086 819 2148 adeo
834 2103 927 2166 prope
942 2084 1038 2144 omnis
1081 2086 1088 2171 ‘7
1135 2102 1136 2105 ¹

8 2204 10 2209 .
89 2173 198 2227 senatus
211 2167 385 2231 Hannibalis
401 2177 477 2238 erat,
506 2169 698 2249 infestiusque
722 2169 852 2230 locutum
877 2165 1038 2244 arguebant

89 2243 253 2313 Hannonem
272 2269 360 2330 quam
373 2250 511 2314 Flaccum
525 2251 688 2321 Valerium,
709 2253 837 2330 legatum
862 2252 1037 2311 Romanum.

89 2345 254 2411 responsum
267 2333 338 2395 inde
353 2334 457 2412 legatis
470 2335 610 2396 Romanis
623 2343 668 2396 est
689 2335 799 2396 bellum
816 2341 914 2395 ortum
928 2330 972 2393 'ah
987 2332 1037 2393 Sa·
1049 2341 1071 2393 2,

91 2418 223 2490 guntinis,
245 2437 306 2479 non
321 2417 358 2481 ab
374 2417 539 2479 Hannibale
555 2435 635 2488 000ος
656 2417 798 2498 populum
813 2418 979 2479 Romanum
992 2417 1038 2475 in·

89 2496 157 2559 iuste
172 2501 284 2573 lacere,
299 2504 324 2563 si
339 2502 516 2579 Saguntinos
530 2502 743 2563 vetustissimae
755 2501 1038 2579 Carthaginiensium

89 2583 214 2646 societati
226 2594 399 2665 praeponat.

145 2666 218 2730 llum
241 2670 368 2731 Romani
392 2676 509 2747 tempus
536 2674 638 2728 terunt
657 2666 853 2746 legationibus
878 2666 1068 2736 mittendist

90 2742 241 2824 Hannibal,
258 2754 326 2833 quia
341 2753 451 2814 fessum
465 2751 588 2812 militem
600 2750 723 2830 proeliis
736 2750 934 2833 operibusque
949 2749 1038 2812 habe·

90 2825 149 2903 hat,
169 2854 331 2914 paucorum
359 2837 396 2895 iis
418 2835 533 2896 dierum
554 2836 685 2916 quietem
707 2836 789 2898 dedit
807 2834 982 2897 stationibus
1002 2834 1038 2899 ad

91 2919 243 2982 custodiam
257 2922 408 2982 vinearum
424 2920 608 2998 aliorumque
626 2938 751 3001 operum
773 2921 929 2999 dispositis.
964 2920 1039 2978 inte·

92 2995 143 3059 tim
161 3004 274 3067 animos
293 3022 396 3065 eorum
412 3022 490 3065 nunc
508 3004 554 3063 110
574 3006 606 3065 in
633 3004 727 3067 hostis
747 3003 940 3071 stimulando,
960 3019 1039 3061 nunc

93 3094 139 3157 spe
152 3089 349 3162 praemiorum
365 3087 508 3148 accendit
544 3095 578 3149 ut
591 3105 662 3149 1010
676 3107 731 3167 pro
747 3090 884 3150 contione
898 3084 1067 3164 praedamd

92 3173 186 3242 captae
200 3170 282 3231 urbis
297 3171 387 3232 edixit
397 3170 523 3233 militum
538 3169 613 3241 iore,
628 3171 701 3231 adeo
716 3174 833 3233 accensi
844 3185 947 3230 omnes
961 3175 1038 3237 sunt,

92 3253 134 3316 ut,
151 3252 175 3310 si
190 3253 335 3334 extemplo
353 3257 469 3333 signum
485 3254 587 3316 datum
603 3261 693 3325 esset,
710 3254 789 3317 nulla
803 3256 832 3313 vi
845 3251 941 3314 rosisti
956 3251 1038 3312 0110·

92 3339 168 3392 retur
191 3354 286 3414 posse.
329 3339 482 3417 Saguntini
504 3344 567 3399 uta
586 3337 708 3418 proeliis
726 3340 854 3418 quietem
875 3333 1067 3397 habuerantb

92 3423 143 3471 nee
156 3414 329 3485 lacessentes
341 3437 396 3483 nec
406 3420 533 3483 lacessiti
544 3439 599 3501 per
611 3421 721 3502 aliquot
732 3422 803 3493 dies,
815 3422 855 3484 ita
871 3437 931 3481 non
943 3427 1036 3489 nocte,

93 3507 148 3555 non
162 3497 209 3560 die
224 3521 361 3585 mnquam
377 3513 563 3568 cessaverant
577 3506 614 3567 ab
629 3524 733 3586 opere,
749 3516 782 3569 ut
794 3524 902 3569 novum
920 3519 1036 3566 murum
