2280 3926
181 242 270 285 00000
284 232 315 286 x'.
331 242 398 285 000.
411 220 438 283 ’5.
454 231 478 281 0.
496 220 535 303 [a.
553 224 588 285 O.
606 230 665 284 302.
681 223 766 304 (300.)
784 223 845 306 300]
934 231 996 293 153
1025 244 1031 266 ³

60 390 149 449 iterum
172 388 359 450 lltruscorum
384 392 476 460 vires:
507 399 536 450 et
559 398 644 471 pacto
672 408 769 451 annuo
795 392 940 473 stipendio
964 398 994 453 00

60 472 137 532 duum
151 490 281 534 mensum
301 475 449 537 dumento
470 476 646 554 permissum
663 473 700 534 ab
722 473 886 546 dictatore,
901 484 935 541 ut
955 477 992 549 00

22 566 24 625 l
58 573 115 634 paee
124 555 229 636 legatos
240 560 391 619 mitterent
399 558 531 627 Romam,
583 572 668 619 aune
689 566 749 627 00ος
765 559 988 622 00000000οΙ00·
1002 569 1035 620 13

22 670 24 703 ;
53 639 192 727 Q.
230 641 356 703 dictator
376 641 561 722 triumphans
582 630 612 702 iu
637 576 741 703 000000
763 642 859 704 rediit.
895 645 991 707 00000

22 726 23 729 ’
59 730 170 784 auctores
190 703 827 805 dnffimmfprbedb'mmm
845 727 882 788 ab
900 728 993 789 dictas
1082 770 1085 779 »

22 830 23 837 ¹
59 812 106 866 lore
119 806 260 870 Etruriam
277 824 341 870 esse
364 808 556 871 seditionibus
573 819 687 872 tantum
701 810 906 871 Arretinorum
920 829 990 872 con·

60 892 137 951 resilis
158 901 185 952 et
207 893 302 954 Cilnio
327 912 436 971 genere
456 908 524 955 cum
548 893 635 973 plebe
654 896 686 955 in
711 896 834 972 gratiam
858 895 990 955 reducto.

22 974 24 1015 Γ
57 974 136 1035 ursui
159 995 193 1037 ex
219 977 364 1038 dictatura
391 977 485 1038 lactus
505 974 543 1038 ll.
564 977 704 1038 Valerius.
754 996 814 1038 000
837 986 987 1059 petentem
1000 984 1033 1036 10

59 1063 123 1135 utque
136 1059 206 1121 adeo
222 1063 314 1123 etium
325 1060 476 1122 absentem
492 1070 623 1123 creatum
639 1061 787 1123 tradidere
804 1064 937 1143 quidam,
961 1070 991 1125 et

56 1147 95 1215 ,tur
105 1143 278 1222 interregem
295 1163 328 1206 00
344 1146 461 1205 comitia
479 1145 564 1209 laeta.
597 1144 631 1206 id
643 1154 738 1206 unum
750 1164 809 1207 uon
821 1147 988 1226 ambigitur,

22 1244 23 1247 ¹
55 1225 212 1288 consulatum
228 1240 296 1289 cum
310 1226 432 1307 Apuleio
448 1226 541 1290 Pansa
558 1231 691 1308 gessisse.

102 1308 142 1370 Vl.
170 1310 395 1381 evaluisse
418 1312 452 1383 Q.
475 1312 597 1390 Apuleio
620 1313 788 1374 consulibus
809 1316 879 1375 satis
903 1321 1017 1393 paca-1
1116 1318 1117 1321 ’

22 1388 23 1391 ’
55 1395 88 1449 tea
105 1392 171 1456 ieris
186 1413 235 1456 res
249 1397 347 1458 suere:
364 1396 521 1456 Etruscum
536 1394 657 1456 aduersa
672 1392 740 1458 belli
755 1414 804 1457 res
815 1404 847 1456 et'
857 1398 1018 1458 indutiaet

22 1494 24 1553 ᾗ
54 1475 161 1549 quietum
176 1479 330 1550 tenebant,
347 1480 508 1540 Samnitem
522 1477 679 1539 multorum
697 1496 841 1540 annorum
857 1477 988 1540 cladibus

54 1554 173 1623 domitum
187 1563 339 1627 hauddum
359 1562 489 1623 foederis
503 1564 571 1622 nori
584 1561 761 1641 paenitebat.
791 1562 901 1623 Romae
917 1570 1019 1641 quo-3

53 1655 96 1716 que
112 1643 222 1722 plebem
247 1648 377 1727 quietam
404 1654 433 1706 et
453 1652 642 1707 exoneratam
662 1645 786 1706 deducta
805 1646 837 1705 in
859 1644 988 1706 colonias

22 1786 24 1791 ⁴
53 1723 184 1789 multitudo
198 1729 377 1809 praestabat.
403 1736 516 1800 tamen,
540 1747 578 1790 00
599 1729 729 1809 undique
751 1727 987 1809 tranqulllaeres

22 1806 24 1885 J
52 1817 143 1881 essent,
165 1821 316 1875 certamen
331 1815 471 1873 iniectum
485 1815 563 1874 inter
576 1816 723 1892 primores
738 1814 874 1883 civitatis
895 1815 986 1893 patri-

22 1890 23 1893 ’
53 1889 99 1949 cios
115 1893 315 1978 plebeiosque,
341 1896 378 1957 ab
404 1895 529 1957 tribunis
552 1897 646 1976 plebis
666 1896 700 1967 Q.
723 1906 752 1957 ct
771 1897 823 1960 Cn.
845 1896 985 1976 Ogulullis,

53 1974 91 2047 qui
103 1976 225 2060 undique
240 1980 492 2042 criminandorum
507 1986 624 2059 patrum
636 1981 712 2060 apud
728 1978 845 2059 plebem
857 1984 1016 2044 occasio-4
1116 2050 1117 2055 γ

52 2053 120 2119 uibus
129 2065 279 2141 quaesitis,
295 2070 449 2142 postquam
464 2060 519 2125 alia
530 2066 639 2125 frustra
655 2073 794 2143 temptata
808 2072 904 2135 erant,
920 2084 986 2125 eam

52 2141 173 2207 actionem
188 2155 396 2227 susceperunt,
412 2158 469 2226 qua
485 2166 544 2208 non
562 2148 691 2208 infimam
708 2147 825 2225 plebem
842 2145 984 2208 accende-

51 2230 115 2294 Γθῦῑ,
136 2229 185 2290 000
207 2233 271 2309 ipsa
297 2232 390 2310 capita
413 2230 522 2309 plebis,
549 2231 710 2292 consularis
733 2228 986 2310 triumphalesque

51 2300 174 2383 plebeios,
190 2331 318 2393 quorum
332 2313 494 2376 honoribus
506 2314 579 2374 nihil
590 2321 709 2394 praeter
718 2313 894 2381 sacerdotia,
911 2322 1015 2392 quaet

51 2391 159 2456 nundum
170 2401 338 2476 promiscua
350 2405 447 2467 erant,
463 2397 606 2458 deessent.
641 2399 823 2474 rogationem
836 2414 907 2475 ergo
917 2415 986 2477 pro·
998 2405 1018 2456 0

52 2471 212 2553 uulgarunt,
227 2491 274 2552 ut,
292 2500 358 2542 eum
374 2487 510 2561 quattuor
524 2498 664 2558 augures,
682 2487 818 2560 quattuor
832 2481 984 2558 pontifices

52 2566 77 2610 00
87 2561 248 2641 tempestate
264 2573 375 2634 essent,
397 2562 585 2643 placeretque
605 2565 707 2640 augeri
726 2562 910 2622 sacerdotum
928 2581 983 2621 nu-

52 2649 159 2714 uerum,
182 2658 320 2728 quattuor
339 2647 507 2729 pontifices,
530 2648 659 2725 quinque
681 2662 821 2724 augures,
844 2645 881 2704 de
897 2644 984 2723 plebe

51 2731 148 2798 onnes,
170 2732 387 2815 adlegerentur.
414 2728 659 2811 quemadmodum
680 2728 716 2788 00
734 2736 873 2809 quattuor
893 2739 1013 2807 ungu-7

52 2812 103 2864 rum
120 2827 286 2886 numerum,
307 2817 366 2878 nisi
388 2822 484 2877 morte
505 2815 644 2884 duorum,
665 2813 695 2873 id
715 2814 810 2893 redigi
826 2812 983 2893 collegium

50 2891 171 2965 nouerit,
187 2917 247 2961 uon
260 2900 392 2972 inuenio,
410 2917 477 2959 cum
493 2900 572 2960 inter
583 2914 709 2976 augures
721 2905 836 2959 constet
849 2900 984 2977 inparem

50 2979 186 3066 ”liberum
198 2983 308 3044 debere
329 3001 416 3054 essep
435 2989 470 3044 ut
491 2992 550 3044 tres
571 2984 707 3062 antiquae
727 2981 834 3052 tribus,
852 2982 984 3051 Ramnes

51 3042 174 3123 Tltlcnses
186 3065 328 3138 Luceres,

63 3130 69 3142 ,
356 3085 390 3127 su
477 3086 495 3126 u
572 3084 588 3126 e
619 3083 638 3126 u
680 3084 743 3127 rem
761 3065 903 3133 habeant,
925 3068 1013 3122 autu
1116 3056 1117 3059 ’

51 3135 147 3277 ⁸¹
138 3143 200 3208 ‘ltus
214 3082 1011 3295 ’00000οἫ

52 3215 70 3269 u
105 3235 178 3299 lent,
193 3233 267 3295 sieut
279 3252 329 3296 mu
370 3236 461 3294 icatu
476 3241 544 3294 sunt
574 3250 672 3293 cuma
712 3238 821 3292 uruatt
861 3256 867 3283 ι
896 3230 984 3309 'uque

98 3346 105 3360 ο
200 3342 219 3354 ··
349 3344 353 3355 ·
534 3341 538 3353 ·
624 3337 676 3360 ru*
704 3339 720 3361 u
801 3337 872 3349 ¹⁸¹·-
940 3338 944 3348 ·

60 3400 65 3426 ¹
83 3404 194 3458 runt.
231 3410 375 3474 ceterum,
405 3402 472 3481 quia
493 3398 529 3461 de
548 3398 635 3480 plebe
656 3356 882 3478 mergantur,
902 3360 1011 3459 {ustae

53 3474 106 3528 lim
119 3490 176 3540 rem
197 3500 283 3564 aegre
302 3489 381 3567 passi
402 3491 514 3564 patres,
537 3502 625 3564 quam
637 3502 704 3546 eum
718 3482 902 3549 consulatum
923 3481 983 3541 rul-
