2396 3920
134 220 173 280 10
307 231 400 273 nmnn
414 229 470 272 vn.
487 228 555 271 oar.
574 215 615 266 10.
632 206 672 292 [a.
687 231 718 270 u.
734 229 760 268 c.
776 205 913 286 testes]

131 389 260 462 perator,
273 386 355 441 extra
369 376 504 439 ordinem
519 393 677 458 numquam
695 374 895 454 pugnaverim,
912 388 972 431 non
986 372 1012 430 si
1029 389 1094 431 oer-

97 473 116 527 :i
132 473 190 527 tam
204 463 357 525 victoriam
371 460 501 530 videam;
522 461 547 522 si
563 465 594 519 tu
611 458 766 538 permittis,
781 455 847 517 volo
860 472 914 532 ego
931 453 976 514 illi
987 453 1096 515 beluae

94 592 98 601 .
132 546 305 616 ostendere,
323 544 440 625 qnando
461 544 534 604 adeo
554 541 638 604 ferox
659 539 820 622 praesultat
841 539 970 611 hostium
992 539 1094 616 signis,

134 650 181 693 me
203 649 239 692 es
256 648 290 691 ea
308 628 417 690 familia
439 634 551 697 ortum,
575 642 650 705 quae
666 623 816 688 Gallorum
835 639 942 701 agmen
962 640 1001 684 ex
1020 639 1097 701 rupe
1181 682 1184 696 2

102 724 118 772 4
133 716 258 794 Tarpeia
271 713 409 774 deiecit.“
430 720 492 773 tum
507 710 648 771 dictator:
666 716 782 779 „macte
793 709 919 768 virtute“
930 707 1027 784 inquit
1040 723 1097 776 „ao
1181 704 1184 763 J

133 801 241 878 pietate
258 799 290 858 in
305 804 419 876 patrem
432 796 625 875 patriamque,
637 792 671 854 T.
684 791 781 861 Manli.
797 798 870 851 esto.
892 804 985 870 perge
997 795 1027 848 et
1041 806 1097 849 no·
1183 796 1184 869 g

100 891 117 941 5
133 901 201 944 mon
215 882 381 944 Romanum
396 880 537 939 invictum
552 875 718 938 iuvantibus
732 874 789 936 diis
801 880 949 954 praestar‘
979 880 1098 934 armant
1183 874 1184 951 ζ

132 966 202 1027 inde
220 967 356 1026 iuuenem
378 959 528 1042 aequales:
551 960 689 1038 pedestre
708 967 824 1019 scutum
851 957 943 1037 capit,
963 955 1097 1035 Hispano
1183 963 1184 968 ’

13 1036 25 1055 ‘
133 1051 261 1126 cingitur
276 1046 425 1126 gladio'ad
436 1046 607 1124 propiorem
617 1041 709 1104 habili
722 1059 867 1123 pugnam:
883 1047 1028 1101 armatum
1045 1039 1097 1100 ad·

134 1138 329 1211 ornatumque
351 1130 491 1190 adversus
512 1127 626 1189 Gallum
647 1126 751 1188 stolide
777 1124 887 1186 laetum
909 1131 939 1185 et
958 1158 997 1204 ··,·
1022 1141 1097 1203 quo·

133 1217 212 1276 niam
233 1214 263 1275 id
284 1231 400 1293 quoqne
420 1213 562 1273 memoria
586 1210 706 1289 dignum
731 1209 858 1289 antiquis
876 1210 970 1270 visum
993 1215 1038 1267 est
1054 1242 1099 1255 -

101 1302 118 1358 d
133 1297 263 1376 linguam
278 1298 367 1359 etiam
381 1295 420 1356 ab
433 1297 528 1356 inrisu
548 1302 733 1355 exserentem
747 1292 925 1372 producunt.
948 1292 1098 1371 recipiunt

132 1383 202 1444 inde
217 1399 251 1442 se
268 1379 305 1441 ad
326 1381 496 1449 stationem,
516 1386 545 1439 et
561 1378 618 1439 dno
639 1380 671 1437 in
691 1375 788 1437 medio
811 1377 917 1438 armati
932 1373 1098 1454 spectaculi

134 1467 227 1544 magis
242 1481 325 1524 more
341 1482 429 1543 quam
443 1461 510 1542 lege
525 1461 596 1522 belli
610 1461 816 1530 destituuntur,
832 1474 1019 1539 nequaquam
1033 1458 1105 1523 riser·

101 1557 167 1610 rac
187 1550 286 1630 specie
307 1545 529 1609 aestimantibus
551 1563 647 1625 pares.
669 1561 777 1623 corpus
796 1542 881 1603 alteri
894 1541 1099 1621 magnitudine

135 1635 283 1701 exirnium,
300 1630 471 1692 versicolori
486 1638 566 1691 veste
581 1629 725 1707 pictisque
739 1634 768 1687 et
784 1643 856 1688 auro
871 1626 991 1687 caelatis
1005 1625 1097 1686 reinl-

135 1732 207 1791 gens
222 1716 327 1781 armis;
344 1713 442 1773 media
455 1715 487 1771 in
502 1711 595 1772 altero
610 1710 744 1770 militaris
759 1718 871 1772 statura
880 1708 1056 1788 modicaque
1065 1710 1096 1769 in

102 1805 119 1855 8
135 1798 224 1857 armis
244 1794 391 1856 habilibus
405 1797 498 1872 magis
514 1812 602 1872 quam
623 1793 739 1854 decoris
752 1795 881 1873 species;
902 1787 962 1853 nor'r
983 1798 1097 1862 canino,

135 1897 194 1940 non
210 1877 349 1939 exultatio
364 1894 571 1961 armorumque
596 1878 714 1954 agitatio
731 1894 819 1946 uana3
842 1877 894 1938 sed
916 1885 1019 1956 pectus
1033 1877 1098 1936 ani-

135 1980 252 2023 morum
266 1963 387 2039 iraeque
401 1961 507 2021 tacitae
520 1959 641 2039 plenum
656 1978 775 2021 omnem
790 1961 931 2021 lerociam
946 1961 976 2019 in
992 1959 1098 2020 discri-

102 2053 119 2103 s
134 2063 203 2107 men
218 2047 315 2124 ipsmn
332 2043 503 2104 certaminis
517 2042 680 2105 distulerat.
694 2043 746 2105 nbi
762 2045 922 2105 constitere
934 2045 1014 2103 inter
1025 2042 1099 2104 duas

82 2138 88 2149 ‘
135 2131 214 2190 acies
228 2136 271 2190 tot
283 2129 362 2189 circa
374 2126 542 2190 mortalium
554 2128 659 2198 animis
674 2145 726 2205 spe
738 2134 877 2207 metuque
890 2125 1097 2206 pendentibus,
1183 2188 1184 2191 ,

136 2212 236 2274 Gallus
250 2211 329 2274 velut
348 2209 441 2272 moles
460 2228 589 2289 superne
604 2212 753 2273 inminens
768 2212 901 2291 proiecto
915 2209 997 2271 laeva
1014 2217 1099 2271 scuto
1183 2272 1184 2275 ,

135 2299 166 2355 in
185 2297 365 2356 advenientis
382 2312 464 2355 arma
480 2294 574 2356 hostis
588 2312 695 2357 vanum
709 2297 819 2356 caesim
834 2312 902 2354 cum
922 2295 1037 2372 ingenti
1050 2311 1098 2354 so·
1183 2294 1184 2361 Ῑ

95 2433 97 2438 .
109 2380 201 2439 onitu
212 2396 314 2439 ensem
327 2379 447 2446 deiecit;
458 2377 609 2440 Romanus
620 2395 763 2439 mucrone
773 2378 920 2448 subrecto,
933 2395 1001 2437 cum
1014 2384 1098 2438 scuto
1183 2372 1184 2377 ’

134 2469 250 2527 sontum
262 2462 354 2524 mum
368 2460 551 2541 perculisset,
563 2468 684 2542 totoque
693 2477 819 2540 corpore
830 2462 955 2522 interior
965 2457 1098 2539 periculo

135 2545 265 2608 uulneris
277 2546 371 2608 iactus
382 2546 560 2606 insinuasset
570 2562 602 2606 se
614 2548 692 2606 inter
704 2561 811 2624 corpus
822 2561 971 2624 armaque,
983 2561 1044 2604 uno
1057 2542 1098 2605 al·
1183 2540 1184 2625 J

136 2640 260 2710 teroque
276 2630 401 2692 subinde
421 2631 483 2691 ictu
503 2635 636 2690 uentrem
656 2636 744 2708 atque
763 2630 885 2707 inguina
903 2628 1003 2688 hausit
1020 2628 1099 2687 etin
1176 2632 1184 2699 'Q

95 2722 123 2772 11
135 2714 261 2791 spatium
283 2715 389 2789 ingens
410 2719 546 2772 ruentem
566 2713 699 2790 porrexit
718 2712 843 2772 hostem.
886 2711 1010 2771 iacentis
1028 2708 1098 2770 inde
1183 2704 1184 2775 ?

136 2812 244 2873 corpus
264 2793 300 2853 ab
323 2795 403 2853 omni
422 2794 479 2853 alia
494 2796 646 2854 vexatione
665 2797 808 2856 intactum
828 2813 888 2856 uno
908 2803 1015 2874 torque
1029 2812 1097 2873 spo·
1176 2786 1184 2873 1

83 2887 127 2936 stt
137 2878 225 2946 liarit,
241 2895 329 2956 quem
343 2893 511 2956 respersum
527 2894 636 2937 cruore
651 2877 726 2939 collo
741 2877 938 2940 circumdedit
951 2896 1015 2957 sno.
1045 2877 1097 2937 de·
1175 2884 1184 2951 g

95 3018 97 3023 a
135 2962 240 3021 linerat
259 2978 349 3038 paror
363 2977 432 3020 oum
448 2956 641 3021 admiratione
656 2959 768 3023 Gallos:
787 2961 914 3031 Romani
932 2960 1045 3022 alacres
1060 2959 1097 3021 ab
1183 2954 1184 2971 ¹

135 3045 259 3106 statione
274 3042 388 3104 obviam
404 3041 488 3104 militi
502 3062 556 3105 suo
568 3047 727 3124 progressi,
739 3044 919 3123 gratulantes
929 3043 1098 3107 laudantes·
1180 3090 1181 3107 t

95 3132 193 3206 t3qne
210 3127 247 3190 ad
261 3127 434 3189 dictatorem
448 3126 624 3206 perducunt.
656 3130 733 3189 inter
747 3131 911 3190 carminum
924 3146 1018 3208 prope
1033 3144 1097 3188 nao-
1176 3160 1184 3199 q

97 3251 99 3255 «
137 3211 206 3271 dum
234 3212 389 3273 incondita·
409 3211 552 3290 quaedam
577 3211 745 3273 militariter
771 3210 933 3273 ioculantes
954 3213 1097 3293 Torquati

137 3308 302 3366 cognomen
319 3293 465 3363 auditum;
486 3293 667 3356 celebratum
680 3295 788 3356 deinde
807 3297 934 3375 posteris
949 3297 1037 3357 etiam
1054 3295 1097 3354 ia·

97 3382 128 3434 14
136 3370 292 3452 miliaeqne
312 3372 420 3436 honori
442 3375 507 3437 luit
543 3377 668 3438 dictator
688 3395 828 3439 coronam
847 3395 969 3440 amcam
986 3377 1099 3440 addidit

137 3456 256 3524 donum,
271 3457 412 3535 mirisque
427 3476 482 3537 pro
493 3462 631 3521 contione
648 3478 713 3521 eam
727 3479 857 3540 pugnam
871 3459 1009 3522 laudibus
1021 3462 1095 3523 tulit
