2396 3920
219 276 224 285 .
278 253 374 294 nonne
387 253 453 295 vm.
470 254 539 297 our.
556 245 598 295 tt.
616 245 658 298 25.
675 234 714 318 [a.
732 239 766 303 (t.
783 247 843 301 327.
860 239 923 323 326]
1046 252 1086 313 75

120 401 275 480 egregium
286 399 401 463 facinus
413 419 501 463 ausus
508 422 564 483 per
572 405 685 467 medios
693 409 821 487 erumpit
832 408 1085 474 bostesetducem

117 486 308 548 Lucanorum
323 486 487 548 comminus
502 504 678 567 congressus
696 489 866 562 obtruncatr
887 496 1078 559 contrahens·
1091 503 1105 556 1
1180 500 1183 519 “

115 587 172 650 gne
188 586 262 629 suos
278 584 315 628 ex
328 566 396 648 luga
409 569 522 649 palatus
538 574 718 654 pervenitad
734 592 850 637 amnem
864 580 958 640 ruinis
973 597 1078 642 recen·

113 653 196 714 tibus
210 651 326 732 pontis,
350 670 439 732 quem
455 655 497 715 vis
513 673 605 736 aquae
618 656 795 730 abstulerat,
817 660 995 724 iudicantem
1017 665 1084 726 iter.

112 755 206 818 quern
222 753 292 797 cum
308 737 423 798 incerto
438 737 512 801 vado
534 742 674 802 transiret
694 760 816 821 agmen,
842 743 936 809 fessus
952 755 1033 809 metu
1050 757 1109 810 act

112 820 220 882 labore
249 818 336 880 miles
362 821 520 900 increpans
546 842 654 886 nomeu
682 825 912 890 abominandum
939 829 1084 893 fluminis:

112 952 130 974 „
142 907 213 966 iure
226 904 361 966 Acheros
377 906 515 971 vocaris*
529 909 634 988 inquit.
664 910 743 990 quod
760 909 812 972 nbi
826 910 863 973 ed
877 929 964 974 aures
978 914 1086 976 accidit
1183 948 1184 957 ,

110 989 204 1068 regis,
217 987 325 1048 adiecit
332 987 479 1067 extemplo
491 994 621 1054 animum
628 993 695 1056 latis
707 995 767 1059 suis
773 994 961 1077 substititque
968 996 1081 1068 dubius,

111 1091 151 1134 an
164 1072 319 1134 transiret.
349 1079 412 1134 tum
423 1074 567 1146 Sotimus,
582 1079 717 1141 minister
728 1096 765 1140 ex
779 1080 869 1158 regiis
883 1081 996 1160 pueris,
1013 1083 1083 1162 quid
1095 1091 1107 1142 1

111 1160 143 1218 iu
159 1164 244 1219 tanto
257 1155 428 1218 discrimine
440 1159 566 1237 periculi
581 1169 770 1225 cunctaretur
781 1166 983 1244 interrogans,
1007 1167 1083 1228 indi·

112 1249 162 1303 cat
171 1241 310 1302 Lucanos
320 1240 435 1302 insidiis
446 1261 589 1321 quaerere
598 1245 707 1308 locum.
736 1266 812 1328 quos
822 1247 874 1310 uhi
884 1251 1017 1330 respexit
1026 1269 1081 1312 rex
1093 1259 1125 1312 13

113 1322 221 1404 procul
236 1340 328 1404 grego
343 1324 421 1386 iacto
435 1329 602 1401 uenientes,
622 1332 741 1410 stringit
755 1332 884 1410 gladium
900 1339 931 1394 et
949 1352 1005 1413 per
1018 1352 1081 1396 me·

115 1407 200 1469 diurn
215 1425 333 1470 amnem
348 1411 520 1473 transmittit
534 1430 658 1491 equum;
679 1415 797 1494 iamque
812 1416 844 1476 in
859 1416 965 1478 vadum
980 1435 1081 1496 egres·

119 1510 189 1552 suni
202 1492 313 1553 eminus
326 1501 431 1554 veruto
444 1494 582 1556 Lucanus
604 1495 672 1557 exul
690 1498 844 1575 transfigit.
874 1497 990 1577 lapsum
1010 1499 1080 1560 inde
1093 1509 1106 1561 1

121 1592 191 1636 cum
205 1574 375 1638 inhaerente
395 1577 455 1639 telo
471 1596 580 1657 corpus
594 1580 729 1642 exanime
744 1578 850 1642 detulit
864 1583 958 1642 amuis
972 1583 1003 1642 in
1026 1582 1079 1644 ho·

114 1662 206 1722 stium
221 1659 379 1740 praesidia.
411 1660 454 1723 ibi
476 1662 562 1725 iceda
585 1663 725 1726 laceratio
741 1663 877 1744 eorporis
896 1664 982 1729 lacta.
997 1685 1080 1728 nam·

113 1762 173 1825 qne
187 1747 323 1824 praeciso
338 1744 436 1806 medio
451 1754 567 1823 partem
579 1747 767 1812 Consentiam
783 1749 909 1821 misere,
925 1768 996 1830 pars
1009 1751 1080 1831 ipsis

115 1835 233 1890 retenta
251 1828 289 1890 ad
310 1828 481 1891 ludibrium.
512 1849 672 1909 quaecum
692 1831 796 1895 iaculis
815 1836 952 1915 saxisque
972 1834 1102 1915 proculi

112 1914 330 1985 incesseretur,
353 1911 460 1975 mulier
474 1932 533 1976 una
547 1915 624 1978 ultra
639 1917 835 1981 humanarum
855 1920 968 1982 irarum
989 1920 1079 1981 iidem

111 1997 255 2059 saeuienti
269 1995 374 2063 turbae
385 1998 521 2069 inmixta,
537 2007 570 2061 ut
583 2019 744 2081 parumper
754 2003 936 2065 sustinerent
947 2011 1077 2083 precata,

112 2081 189 2142 tiens
199 2081 242 2143 ait
253 2081 346 2142 virum
358 2080 415 2141 sibi
428 2081 595 2164 liberosque
605 2093 706 2165 captos
717 2086 795 2166 apud
806 2086 907 2149 hostes
918 2103 1077 2166 essezspe·
1184 2128 1185 2139 2

109 2166 407 2244 rarecorporeregio
418 2167 752 2247 utcumquemulcatose
762 2187 833 2231 suos
844 2169 1076 2247 redempturum.
1184 2198 1185 2203 1

109 2250 216 2310 islinis
225 2246 398 2310 lacerationi
408 2249 478 2320 luit,
492 2250 697 2333 sepultumque
708 2252 882 2315 Consentiae
893 2250 971 2331 quod
982 2269 1075 2315 mem·
1087 2261 1119 2313 lt

110 2333 239 2394 brorum
251 2331 400 2411 reliquum
418 2333 473 2395 luit
487 2352 558 2397 cura
576 2335 709 2397 mulieris
723 2337 824 2406 unius,
846 2352 969 2416 emaque
983 2336 1118 2398 bleta-17

112 2425 238 2481 uentum
252 2414 290 2476 ad
308 2415 409 2479 hostes
421 2419 561 2490 remissa,
576 2419 648 2480 inde
661 2420 786 2499 Epirum
803 2418 924 2481 devecta
939 2420 976 2481 ad
992 2419 1076 2482 Cleo·

109 2509 228 2580 patrem
247 2517 370 2561 uxorem
389 2518 582 2581 sororemque
599 2502 815 2582 Olympiadem,
836 2519 961 2582 quarum
982 2511 1076 2564 mater

110 2583 215 2662 magni
232 2582 391 2645 Alexandri
409 2585 516 2655 altera,
537 2602 623 2646 soror
644 2585 736 2646 altera
757 2584 821 2644 luit.
853 2585 928 2644 haec
948 2585 985 2646 de
1005 2584 1117 2646 Ale-18

109 2662 219 2730 xandri
239 2667 390 2747 Epirensis
409 2670 487 2731 tristi
506 2675 629 2739 eventu,
651 2684 828 2747 quamquam
842 2666 976 2729 Romano
995 2667 1074 2731 bello

109 2752 233 2814 fortune
246 2768 315 2813 eum
333 2750 486 2823 abstinuit,
509 2759 624 2823 minen,
647 2752 714 2833 quia
732 2748 861 2813 initalia
882 2749 959 2815 bella
975 2754 1072 2832 gessit,

108 2837 214 2916 paucis
228 2834 336 2897 dixisse
354 2838 424 2898 satis
437 2839 483 2899 sit.

173 2918 260 2980 XXV.
282 2918 394 2981 Eodem
410 2939 488 2983 anno
511 2919 725 2984 lectisternium
739 2922 865 2993 Romae,
887 2923 990 3001 quinto
1006 2931 1099 3002 postl

110 3003 261 3065 conditam
271 3002 391 3073 urbem,
407 3004 501 3067 isdem
513 3004 621 3084 quibus
634 3014 702 3069 aute
717 3006 868 3084 placandis
883 3004 1016 3067 habitum
1030 3014 1074 3066 est

110 3086 183 3151 deis.
216 3088 285 3148 nori
299 3086 406 3148 deiude
420 3086 557 3150 consules
570 3090 651 3151 iussu
665 3089 848 3170 populicum
863 3089 1012 3150 misissent
1025 3090 1102 3167 quit

108 3170 279 3232 indicerent
299 3171 479 3234 Samnitibus
499 3171 626 3241 bellum,
648 3172 703 3250 ipsi
720 3175 833 3235 maiore
856 3178 963 3233 conatu
984 3188 1072 3250 quam

109 3254 252 3316 adversus
269 3254 399 3315 Graecos
413 3263 518 3318 cuncta
532 3257 686 3336 parabant.
719 3265 750 3318 et
763 3255 819 3318 alia
833 3272 908 3317 nora
921 3252 995 3314 nihil
1010 3263 1071 3318 tum

109 3340 210 3401 animo
229 3336 287 3401 tale
303 3337 480 3417 agitantibus
500 3348 690 3402 accesserunt
704 3339 824 3402 auxilia:
854 3338 965 3401 Lucani
985 3348 1098 3420 atque3

111 3422 211 3501 sputi,
237 3420 344 3501 qulbus
363 3422 500 3501 gentibus
520 3423 594 3485 nihil
615 3422 652 3484 ad
675 3441 740 3486 eam
757 3423 835 3484 diem
856 3439 923 3485 oum
939 3422 1071 3485 Romano

109 3504 345 3587 pupuluiuerat,
364 3509 395 3568 in
406 3507 494 3569 iidem
506 3516 663 3579 renerum,
675 3525 757 3569 arma
768 3508 903 3588 virosque
914 3506 951 3567 ad
962 3504 1071 3566 bellum
