2280 3926
138 222 143 231 ι
220 207 313 251 arnan
328 210 371 254 rx.
389 211 458 253 car.
474 199 516 250 41.
534 201 575 250 42.
595 188 635 273 [e.
651 193 685 255 (i.
702 190 850 283 soa-3061*
948 201 1008 263 141

18 410 20 413 ,
69 371 123 425 rcs;
142 355 314 420 umbonibus
335 361 510 440 incussaque
530 359 576 421 ala
603 366 775 421 sternuntur
798 359 907 423 hostes.
942 359 1053 441 plusti
1121 380 1122 383 ¹

70 441 167 518 capitur
185 440 335 504 bominum
356 462 443 523 quam
468 444 612 515 caeditur,
637 450 724 523 atque
744 462 802 506 una
822 464 878 507 vox
897 463 1010 526 ponere
1121 456 1122 529 j

67 539 136 584 arma
157 524 319 588 iubentium
344 546 399 607 per
423 535 515 590 totam
542 529 637 590 iertur
663 530 765 611 aciem.
808 531 906 609 itaque
927 528 1008 592 inter
1018 536 1053 590 20

65 606 147 686 ipsum
158 617 306 671 certamen
320 611 397 674 iacta
410 611 519 674 deditio
531 619 575 673 est
590 631 607 674 a
621 613 726 692 primis
741 612 910 677 auctoribus
923 612 1008 684 belli;
1121 640 1122 643 ¹

65 698 166 766 postero
186 695 466 777 insequentibusque
480 696 584 759 diebus
598 704 628 759 et
643 697 735 759 ceteri
753 695 932 758 Umbrorum
954 717 1008 777 po·
1121 742 1122 765 2

65 773 114 852 puli
129 776 287 840 deduntur:
304 778 454 842 Orioulani
472 783 631 861 sponsione
650 783 682 842 in
702 782 861 842 amicitiam
885 783 1007 861 accepti.
1121 856 1122 859 Ἴ

18 926 19 929 ,
113 859 192 923 XLII.
241 862 365 935 Fabius,
392 863 504 926 alienae
529 868 618 927 sortis
643 867 737 926 victor
756 863 841 935 bebi,
867 866 898 924 in
924 872 1033 927 suarnl

18 978 21 983 -
64 944 225 1018 prouinciam
243 948 406 1011 exercitum
422 949 548 1010 reduxit.
573 951 671 1031 itaque
686 951 714 1010 ei
731 949 769 1012 ob
790 966 839 1011 res
864 957 924 1010 tam
946 948 1038 1009 seli-2

18 1044 20 1047 ¹
65 1025 123 1086 citer
135 1037 243 1108 gestas,
262 1033 339 1093 siout
351 1034 452 1113 priore
470 1052 547 1095 anno
559 1034 686 1115 populus
700 1035 923 1096 continuaverat
936 1050 1007 1094 con·

18 1146 20 1167 2
64 1107 185 1186 sulatum,
202 1117 243 1177 ita
253 1123 373 1178 senatus
386 1118 416 1178 in
428 1120 633 1198 insequentem
646 1136 771 1190 annum,
788 1137 846 1199 quo
855 1118 909 1198 Ap.
922 1117 1007 1180 Clau·

18 1218 20 1221 ·
63 1189 115 1253 dius
132 1197 162 1258 L.
181 1198 355 1262 Volumnius
378 1201 513 1263 consules
533 1202 668 1274 luerunt,
692 1203 861 1284 prorogarit
881 1203 1007 1263 maxime

18 1286 20 1297 ¹
63 1275 139 1357 Appio
161 1283 336 1346 aduersante
360 1287 527 1366 imperium.
562 1288 689 1366 Appium
718 1304 874 1348 censorem
899 1288 1035 1366 petisset

18 1364 20 1367 ’
64 1364 239 1440 consulatum,
264 1370 441 1449 comitiaque
467 1372 530 1430 cius
551 1370 588 1431 ab
608 1371 641 1431 L.
658 1369 747 1430 Furio
770 1369 1008 1449 tribunoplebis

18 1518 19 1521 Ἴ
64 1442 244 1528 interpellata,
274 1452 369 1515 donec
395 1471 427 1516 se
449 1472 573 1515 censura
595 1453 753 1523 abdicarit,
779 1454 811 1513 in
832 1452 1007 1530 quibusdam

18 1534 20 1605 ξ
63 1531 196 1596 annalibus
215 1538 344 1598 invenio.
382 1545 499 1600 creatus
520 1536 636 1608 consul,
662 1554 729 1597 cnm
750 1535 880 1613 collegae
900 1544 1036 1597 norumt

61 1607 153 1679 bellum
165 1619 324 1682 Sallentini
338 1621 438 1684 hostes
450 1621 696 1692 decernerentur,
714 1620 825 1680 Romae
836 1620 958 1688 mansit,
974 1627 1008 1680 ut

18 1728 19 1731 ¹
60 1694 161 1762 ubam
182 1705 300 1767 artibus
324 1724 397 1786 opes
417 1713 553 1785 augeret,
575 1705 692 1787 quando
714 1703 786 1766 belli
805 1703 894 1765 decus
913 1720 1006 1783 penes
1121 1766 1122 1769 ,

61 1778 117 1843 alios
129 1796 210 1850 esset.
248 1787 435 1852 Volumnium
451 1792 621 1871 provinciae
635 1788 715 1852 baud
735 1790 893 1870 paenituIt:
913 1786 1036 1849 multat

18 1910 20 1913 -
60 1871 170 1933 secunda
179 1873 297 1955 proelia
308 1874 391 1944 iecit,
404 1873 515 1955 aliquot
524 1874 614 1936 urbes
628 1875 755 1936 hostium
768 1875 797 1933 vi
806 1873 892 1952 cepit.
918 1890 1005 1953 prae·

62 1944 105 2009 iae
118 1964 176 2018 erat
189 1958 317 2037 largitor
335 1965 364 2019 et
382 1957 593 2038 benignitatem
613 1976 717 2040 perse
738 1965 851 2037 gratam
869 1958 1006 2018 comitate
1121 1964 1122 1967 ’

62 2031 209 2114 adiuvabat,
236 2040 418 2122 militemque
434 2043 486 2104 bis
511 2043 624 2105 artibus
640 2044 758 2105 *iecerat
778 2050 808 2103 et
829 2040 954 2122 periculi
976 2048 1006 2103 et

18 2200 19 2203 Ἴ
62 2109 151 2184 laboris
168 2124 296 2188 auidum.
326 2126 360 2198 Q.
377 2126 485 2189 Fabius
507 2145 564 2208 pro
586 2126 706 2189 consule
723 2126 761 2188 ad
780 2125 887 2187 urbem
903 2124 1034 2186 Allitaso

18 2230 20 2241 ¹
62 2212 114 2263 ium
130 2207 304 2272 Samnitium
321 2212 453 2273 exercitu
467 2213 558 2290 signis
575 2211 698 2273 conlatis
713 2208 855 2288 confligit.
883 2208 1005 2269 minime

64 2285 176 2369 ambigua
194 2296 254 2355 'res
281 2294 351 2355 init:
379 2295 436 2356 iusi
461 2295 561 2357 hostes
581 2303 669 2375 atque
690 2297 722 2355 in
744 2301 840 2355 castra
861 2290 1004 2372 conpulsi.

63 2378 106 2428 nee
125 2385 218 2441 castra
239 2378 340 2439 forent
359 2386 491 2452 retenta,
514 2381 546 2443 ni
567 2381 705 2456 exiguum
721 2377 915 2457 superfuisset
931 2375 1004 2445 diei3

18 2454 19 2457 ’
64 2458 253 2527 subnectens
269 2469 370 2524 tamen
388 2471 458 2525 sunt
479 2465 673 2525 circumsessa
696 2471 725 2524 et
744 2467 831 2522 nocte
851 2459 1004 2531 custodita,

63 2547 93 2630 ¹¹9
106 2544 163 2620 quis
176 2545 257 2608 elabi
271 2553 383 2627 posset.
412 2553 532 2627 postero
548 2546 596 2607 die
611 2546 729 2606 uixdum
744 2543 811 2606 luce
826 2550 906 2604 certa
924 2542 1034 2604 dedi-s

64 2619 96 2677 bo
111 2625 169 2690 lieri
184 2636 304 2710 coepta,
329 2639 359 2692 et
378 2631 472 2712 pacti,
495 2631 546 2710 qui
562 2629 735 2690 Samnitium
752 2627 865 2695 rorent,
889 2632 923 2687 ut
936 2644 1004 2687 cum
1121 2640 1122 2705 j

65 2699 166 2784 singuli„
191 2715 379 2776 vestimentis
397 2715 617 2776 emitterentur:
649 2713 671 2774 ii
695 2729 798 2774 omnes
823 2708 878 2772 sub
896 2711 1033 2790 ,iuguma

66 2787 139 2855 missi,
161 2799 259 2859 'sociis
281 2798 457 2860 Samnitium
478 2797 554 2861 nibil
572 2805 705 2867 cautum:
732 2796 768 2858 ad
790 2801 903 2876 septem
923 2794 1004 2859 milia

65 2868 108 2930 iub
121 2893 225 2943 corona
235 2883 365 2943 veniere.
391 2884 488 2963 quise
504 2882 758 2945 ciremllernicum
776 2880 904 2952 dixerat,
921 2899 1003 2943 seor·

65 2965 106 3012 ⁸11⁵
125 2960 152 3023 in
173 2965 306 3027 custodia
331 2964 457 3028 habitus.
507 2985 558 3028 cos
578 2985 681 3029 omnes
698 2965 806 3028 Fabius
825 2963 950 3026 Romam
968 2963 1033 3026 adu

18 3050 19 3053 ’
65 3048 179 3110 temtum
199 3051 293 3119 misit:
315 3055 345 3111 et
372 3068 441 3113 oum
468 3054 632 3132 quaesitum
653 3057 744 3119 esset,
766 3048 874 3111 dilectu
895 3065 933 3110 an
953 3064 1004 3108 ro·

65 3131 165 3195 unam
182 3154 238 3217 pro
253 3134 432 3198 Samnitibus
445 3135 584 3198 adversus
595 3135 744 3198 Romanos
760 3132 933 3205 bellassent,
950 3149 1005 3213 per

65 3199 167 3280 buires
175 3219 302 3301 populos
310 3220 493 3283 custodiendi
504 3220 624 3292 dantur,
638 3220 767 3300 iussique
779 3236 843 3280 eam
857 3219 1003 3296 integram
1015 3224 1048 3277 10

65 3300 118 3354 ¹0³1
137 3305 201 3365 nori
223 3303 361 3366 musuleo
376 3306 409 3368 P.
425 3304 577 3368 Coruelius
598 3304 706 3366 muna
727 3303 763 3376 Q.
783 3302 910 3364 Marcius
931 3301 1004 3365 Tre·

65 3375 147 3444 mulus
163 3421 201 3433 —
215 3389 248 3450 bi
263 3390 342 3450 enirn
353 3390 412 3450 iam
425 3391 516 3451 creati
531 3396 615 3450 erant
628 3418 670 3433 -
684 3388 722 3449 ad
736 3391 869 3449 senatum
880 3387 1003 3449 referre.

67 3448 91 3512 bd
103 3477 181 3546 iegre
194 3474 274 3552 passi
287 3473 421 3545 Hernici,
438 3472 594 3536 concilium
616 3469 792 3553 populorum
807 3473 938 3534 omnium
953 3471 1005 3532 ha·
1016 3475 1046 3528 11
1121 3538 1122 3541 Ἴ
