2290 3920
138 208 200 269 264
326 222 419 264 mssa
433 224 510 265 nn.
527 223 595 265 oar.
616 214 642 265 4.
657 211 683 264 5.
701 202 739 284 [a.
756 227 786 265 u.
802 226 828 265 o.
844 201 904 284 537]

136 379 226 432 terent
246 378 439 449 perangusta,
460 371 596 432 velutad
618 373 652 432 id
671 374 768 450 ipsum
783 371 819 432 de
832 369 973 432 industria
987 368 1080 432 relicto

135 456 246 534 spatio;
276 455 382 516 deinde
401 455 489 534 paulo
508 454 594 517 latior
613 458 737 535 patescit
756 473 891 534 eampum
916 454 983 515 inde
1002 453 1079 514 colles

135 539 306 618 adsurgunt.
338 537 380 599 ibi
395 548 491 601 castra
506 541 537 600 in
553 547 655 620 aperto
669 539 759 610 locat,
781 539 834 600 ubi
851 541 917 618 ipse
937 557 1002 599 curn
1011 537 1079 599 diris

137 623 225 685 modo
240 624 435 704 HispanIsque
450 623 631 693 consideret;
655 623 786 686 Baliares
800 631 985 702 ceteramque
999 620 1079 682 ierem

136 714 314 770 armaturam
326 714 393 786 post
404 707 726 777 montiscircurnducit;
739 709 851 787 equites
859 707 897 768 ad
907 709 984 786 ipsas
994 705 1080 766 iauses

136 791 226 853 saltus
238 789 359 853 tumulis
374 800 442 872 apte
454 791 622 870 tegentibus
636 791 727 862 locat,
744 799 790 862 ut,
804 790 857 853 ubi
867 794 1022 852 intrassent
1030 788 1078 849 iio·

106 875 229 969 q'mani,
256 875 372 937 obiecto
393 878 525 956 equitatu
545 875 643 937 clausa
666 877 765 937 omnia
789 874 855 937 laeu
885 894 920 937 ae
947 871 1079 937 montibus

105 1004 109 1025 f
137 967 244 1021 essent.

106 1053 124 1101 4
197 1042 357 1104 Flaminius
375 1061 441 1104 curn
455 1044 549 1122 pridie
565 1044 636 1105 solis
653 1061 760 1105 occasu
774 1043 811 1104 ad
830 1042 928 1105 laeum
944 1041 1077 1122 perrem-

94 1154 108 1213 ε,
135 1135 193 1196 set,
216 1127 400 1207 inexplorato
419 1134 539 1205 postero
562 1127 609 1188 die
628 1127 746 1189 vixdum
768 1129 838 1189 satis
853 1134 935 1188 certa
956 1126 1018 1187 luce
1037 1142 1077 1185 an·

90 1214 103 1301 ζ
136 1211 240 1287 gustiis
255 1211 413 1290 superatis,
429 1219 585 1290 postquam
600 1213 842 1292 inpotentiorem
855 1229 991 1290 campum
1004 1206 1077 1288 pandi

88 1290 111 1357 t'
135 1311 241 1371 agmen
257 1296 370 1373 coepit,
394 1295 424 1355 id
439 1302 553 1356 tantum
573 1296 716 1366 hostiurn,
739 1296 817 1375 quod
832 1314 870 1356 ex
885 1294 1005 1356 adverso
1019 1298 1075 1360 emi

19 1454 21 1457 Ι
83 1364 95 1437 ἕ
135 1379 300 1457 conspexit;
327 1378 363 1439 ab
386 1386 473 1457 tergo
503 1398 537 1439 ae
562 1398 652 1459 super
666 1379 785 1459 caput*
804 1379 948 1459 deceptae
962 1376 1076 1438 insidiae.

80 1461 249 1535 {5Poenus
264 1462 331 1533 ubi,
351 1462 382 1523 id
396 1463 475 1542 quod
495 1465 637 1542 petierat,
661 1462 792 1525 clausurn
807 1462 872 1524 lacu
893 1482 927 1525 ac
949 1460 1077 1522 montibus

76 1538 84 1602 i
109 1594 113 1621 ,
134 1554 164 1605 et
177 1547 387 1609 circumfusum
402 1549 463 1608 suis
478 1548 570 1626 copiis
589 1546 692 1608 habuit
711 1548 842 1616 hostem,
864 1549 982 1626 signam
999 1543 1073 1605 omni-

69 1626 77 1677 j·
105 1628 187 1691 thus
201 1631 250 1692 dat
271 1630 357 1692 simul
378 1631 543 1691 invadendi.
577 1634 628 1710 qui
650 1630 701 1691 ubi
723 1649 780 1709 que
798 1632 909 1711 cuique¹
929 1630 1073 1710 proximum

60 1678 76 1789 i
131 1712 189 1774 iuit
205 1714 454 1784 decucurrerunt,
470 1733 505 1775 eo
522 1717 614 1792 magis
629 1714 768 1779 Romanis
783 1714 879 1776 subita
892 1723 978 1794 atque
989 1715 1072 1790 inpro-

55 1794 68 1877 ‚3
105 1864 110 1877 ⁴
132 1798 192 1856 visa
208 1815 257 1858 res
273 1798 341 1866 fuit,
359 1798 437 1876 quod
453 1806 517 1860 orta
533 1818 569 1859 ex
583 1798 649 1860 tacu
665 1798 772 1859 nebula
787 1817 895 1878 campo
909 1816 994 1878 quam
1007 1810 1074 1857 mor·

52 1878 64 1929 ἲ
104 1886 107 1893 ’
132 1878 210 1939 tibus
225 1879 346 1940 densior
358 1881 490 1953 sederat,
506 1885 682 1962 agminaque
693 1882 820 1944 hostium
834 1900 870 1942 ex
885 1881 1018 1962 pluribus
1025 1875 1071 1938 cd·

67 2012 76 2033 1„
132 1961 211 2023 libus
239 1965 302 2042 ipsa
325 1965 405 2023 inter
430 1983 463 2025 se
481 1968 551 2026 satis
571 1974 729 2045 conspecta
747 1984 840 2046 eoque
867 1967 961 2044 magis
983 1962 1072 2044 pariter

103 2044 372 2107 ‘'ldecucurrerent.
431 2047 581 2127 Ronlanus
606 2048 735 2110 clamore
762 2052 845 2129 prius
871 2051 999 2129 undique
1020 2049 1070 2106 orn

133 2149 220 2209 quam
242 2133 312 2192 satis
328 2138 466 2192 cerneret
479 2150 511 2193 se
526 2134 757 2195 circumventum
771 2152 836 2194 esse
851 2136 958 2204 sensit,
979 2132 1070 2192 etant

75 2250 79 2255 >
97 2234 102 2245 ·
131 2216 163 2274 in
178 2215 306 2277 frontem
319 2215 473 2296 lateraque
484 2218 611 2296 pugnari
627 2215 765 2297 coeptum
778 2226 836 2288 est,
853 2237 942 2297 quam
958 2217 1022 2277 satis
1036 2213 1069 2270 in·

22 2308 25 2313 “
69 2320 108 2367 ε
133 2306 297 2364 strueretur
306 2301 385 2362 acies
395 2307 446 2362 aut
456 2300 588 2380 expediri
599 2320 680 2363 arma
691 2303 853 2382 stringique
865 2301 954 2379 gledii
962 2299 1067 2379 possent

66 2390 74 2461 ξ
100 2368 163 2444 ¹1V.
198 2383 306 2445 Consul
328 2385 471 2463 perotdsis
486 2385 622 2447 omnibus
637 2387 700 2465 ipse
719 2387 802 2455 satis,
820 2392 854 2447 ut
872 2388 904 2445 in
919 2403 954 2446 re
968 2375 1067 2458 trepido

131 2467 284 2546 inpavidus
305 2467 437 2530 turbatos
459 2469 577 2530 ordines
598 2476 731 2530 vertente
754 2488 786 2530 se
806 2488 924 2549 quoque
943 2468 978 2530 ad
996 2464 1066 2524 disse·

106 2606 109 2613 ,
132 2569 186 2613 nos
201 2550 345 2613 clamores
359 2553 492 2624 instruit,
508 2561 541 2614 ut
553 2561 669 2633 tempus
684 2553 825 2633 locusque
836 2555 945 2632 patitur
960 2558 1000 2620 et,
1012 2558 1065 2625 qut·

131 2653 259 2715 cumque
283 2636 365 2697 adire
386 2639 538 2717 audirique
558 2645 669 2716 potest,
699 2635 872 2699 adhortatur
893 2655 927 2698 ae
951 2642 1021 2697 stare
1041 2640 1065 2686 tt

101 2730 261 2797 tpugnare
276 2719 371 2781 iubet:
390 2739 445 2782 neo
460 2723 540 2783 enim
553 2720 623 2782 inde
634 2723 707 2783 rotis
719 2730 769 2783 aut
783 2721 977 2800 inploratione
987 2717 1062 2776 deun,

64 2813 77 2865 '1
131 2802 184 2862 sed
198 2804 225 2861 ri
240 2820 274 2862 ac
291 2804 397 2879 virtute
412 2804 594 2866 eradendum
609 2823 684 2867 esse.
718 2825 771 2884 per
786 2805 897 2866 medias
913 2805 985 2865 acies
1003 2798 1062 2856 serti

70 2896 77 2961 j
131 2886 206 2945 riam
219 2884 288 2945 ‘fieri
304 2893 346 2956 et,
363 2906 421 2966 quo
431 2889 548 2949 timoris
564 2891 661 2951 minus
672 2890 724 2959 sit,
742 2890 885 2950 eominus
902 2888 991 2949 ferme
1003 2876 1061 2960 ped·

103 2969 188 3047 peuli
209 2985 282 3029 esse.
313 2976 444 3032 ceterum
459 2990 530 3051 prae
546 2975 670 3051 strepitu
681 2991 716 3034 ac
729 2973 857 3035 tumultu
868 2989 925 3032 noc
934 2963 1061 3031 eonsilium

131 3072 187 3115 nec
209 3055 366 3132 imperium
388 3055 482 3134 accipi
503 3063 634 3135 poterat,
655 3064 826 3137 tantumque
846 3055 960 3123 aberat,
979 3056 1009 3111 ut
1022 3055 1059 3105 ⁵1¹¹

131 3140 213 3216 signa
237 3145 324 3216 atque
339 3138 457 3200 ordines
480 3147 509 3202 et
529 3140 627 3202 locum
648 3149 820 3212 noscerent,
843 3148 876 3201 ut
894 3141 940 3199 rix
953 3135 985 3197 ad
999 3138 1059 3191 armi
1124 3177 1125 3180 η

76 3068 79 3081 i

103 3050 108 3059 e

100 3230 103 3237 ι

72 2984 82 3061 i

78 3096 90 3205 t

73 3204 100 3319 ξι
131 3222 273 3297 capienda
286 3223 471 3303 aptandaque
482 3243 598 3304 pugnae
614 3233 785 3304 conpeteret
796 3228 918 3293 animus,
936 3215 1056 3299 opprime·
1123 3254 1124 3263 κ

81 3308 120 3383 , τ4
130 3309 291 3380 renturque
306 3306 425 3384 quidam
440 3310 555 3383 onerati
577 3311 670 3386 magis
689 3308 736 3368 his
750 3328 837 3389 quam
859 3306 935 3369 tecti.
970 3308 996 3360 et
1011 3292 1057 3355 erd

71 3378 83 3439 i
103 3462 105 3467 y
130 3383 160 3441 in
180 3392 258 3443 tanta
278 3387 401 3464 caligine
422 3393 517 3452 maior
532 3411 602 3453 usus
623 3394 737 3453 aurium
752 3411 840 3472 quarn
854 3388 1004 3453 oculorum·
1030 3369 1056 3434 *ἃ

98 3480 101 3487 ’
130 3466 256 3543 gemitus
282 3469 437 3532 vulnerum
462 3476 597 3554 ictusque
622 3494 781 3555 corporum
807 3487 857 3538 aut
881 3481 1013 3534 armorum
1036 3460 1055 3514 ti
