2350 3922
122 198 184 260 358
289 210 383 253 uranu
397 210 487 253 xxm.
505 210 574 254 our.
586 199 629 253 37.
644 197 687 250 38.
705 187 745 272 [a.
761 210 795 253 u.
812 213 837 253 c.
853 188 916 274 539]

94 360 169 420 odia
181 357 302 419 obsesso
313 375 401 437 quam
413 357 560 420 obsidenti
573 356 696 419 similior
710 364 787 419 esset
799 358 926 420 Poenus.
950 356 988 418 ad
999 355 1086 418 milla

123 444 247 504 trecenti
255 441 541 520 Carthaginiensium
552 442 630 504 caesi
643 448 673 502 at
683 441 912 520 undesexaginta
923 442 979 501 vivi
991 440 1087 520 capti,

123 527 173 606 qui
198 527 277 588 circa
301 544 403 587 muros
426 535 455 587 et
479 527 510 587 in
533 524 707 587 stationibus
726 524 820 587 solute
839 543 873 585 ac
889 524 1086 603 neglegenter

123 618 259 689 agentes,
284 629 351 671 cum
368 608 441 671 nihil
469 612 567 672 minus
591 628 677 690 quam
696 610 881 688 eruptionem
905 609 1075 670 timuissent

94 695 323 775 rexinproviso
344 695 478 774 oppressi
502 693 629 755 luerant.
667 692 833 763 Gracchus,
854 695 1029 773 prinsquam
1053 711 1086 754 se

123 780 224 840 hostes
238 777 275 841 ab
296 780 452 858 repentino
473 796 582 857 pavore
602 775 788 856 colligerent,
811 779 944 856 receptui
964 779 1088 855 signum

94 870 111 922 8
124 862 203 923 dedit
220 881 255 924 ac
269 880 338 924 suos
352 864 430 924 intra
444 880 545 924 muros
560 863 683 940 recepit,
719 869 837 940 postero
857 861 905 923 dic
924 860 1087 932 Hannibal,
1168 870 1169 899 ³

123 944 231 1008 laetum
244 946 373 1008 secunda
385 965 418 1008 re
424 945 575 1008 consulem
586 948 663 1007 iusto
674 945 788 1025 proelio
800 954 882 1008 ratus
889 953 1087 1015 certaturum,

94 1032 215 1092 sacient
227 1031 306 1092 inter
321 1039 416 1092 castra
431 1037 518 1110 atque
533 1029 638 1091 urbem
653 1031 802 1092 instruxit.
829 1037 979 1100 ceterum,
996 1040 1087 1108 post-

124 1132 212 1194 quam
227 1116 377 1176 neminem
392 1115 503 1175 morari
525 1113 560 1175 ab
582 1112 669 1175 solita
689 1114 819 1175 custodia
836 1113 920 1176 urbis
938 1113 1011 1174 vidit
1026 1131 1091 1175 nec

124 1197 268 1259 committi
287 1198 445 1278 quicquam
464 1199 642 1259 temerariae
661 1200 738 1278 spei,
764 1198 800 1260 ad
820 1198 914 1259 Tifata
938 1196 1017 1258 redit
1039 1199 1088 1257 iu·

124 1281 200 1342 lecta
213 1298 258 1342 re.

84 1371 115 1423 ιο
189 1364 301 1436 Quibus
319 1363 423 1425 diebus
436 1364 544 1427 Gutum
561 1364 703 1427 liberatae
717 1372 786 1428 sunt
802 1364 970 1435 obsidione,
986 1363 1087 1425 isdem
1169 1434 1170 1439 ,

124 1448 227 1511 diebus
243 1456 273 1510 et
287 1449 319 1510 in
338 1449 464 1511 Lucanis
479 1447 516 1510 ad
531 1448 726 1513 Grumentum
742 1449 787 1511 Ti.
805 1449 1012 1528 Sempronius,
1036 1450 1087 1509 cui

125 1534 226 1613 Longo
247 1551 412 1612 cognomen
436 1541 515 1603 erat,
546 1552 612 1595 cum
638 1534 783 1596 Hannone
809 1534 909 1595 Poeno
936 1550 1086 1612 prospere

84 1623 113 1674 11
126 1626 247 1696 pugnat.
276 1633 366 1695 supra
390 1617 448 1678 duo
468 1615 547 1678 milia
567 1618 719 1679 hominum
741 1617 861 1690 ocidit,
887 1624 917 1678 et
938 1617 1086 1678 ducentes

125 1702 273 1781 octoginta
293 1699 401 1761 milites
427 1700 538 1770 amisit;
567 1702 650 1781 signa
672 1700 808 1763 militaria
831 1700 867 1761 ad
887 1700 1083 1780 quadraginta

124 1803 216 1845 unum
230 1786 317 1862 cepit.
351 1783 452 1863 pulsus
465 1784 573 1847 finibus
587 1786 713 1848 Lucanis
727 1786 832 1847 Hanno
847 1793 928 1847 retro
944 1786 976 1845 in
993 1784 1084 1845 Brut·
1170 1784 1171 1813 ¹

82 1873 115 1925 12
126 1869 182 1928 tios
197 1885 261 1928 sese
276 1869 398 1946 recepit.
424 1874 454 1929 et
465 1887 501 1930 ex
507 1868 639 1949 Hirpinis
648 1869 754 1949 oppida
766 1870 838 1940 tria,
852 1887 926 1948 quac
939 1887 955 1929 a
971 1867 1080 1948 popule
1170 1890 1171 1893 ¹

124 1949 449 2021 Romanodelecerant,
465 1953 494 2012 vi
505 1961 623 2032 recepta
635 1953 732 2032 perld.
741 1952 887 2015 Valerium
902 1960 1074 2032 praetorem

125 2032 298 2095 Vercellium
321 2032 495 2096 Vescellium
517 2035 683 2106 Sicilianm,
706 2046 735 2098 et
750 2044 886 2100 aucteres
907 2036 1081 2099 deiectionis

124 2119 222 2180 securi
236 2119 377 2199 percussi.
404 2134 492 2196 supra
504 2120 633 2199 quinque
648 2120 727 2181 milia
739 2122 918 2205 captivorum
930 2119 985 2183 sub
998 2119 1082 2180 basta

84 2208 115 2260 13
128 2204 298 2272 venierunt;
312 2201 422 2282 praeda
436 2200 492 2262 alia
510 2201 596 2265 militi
613 2221 753 2266 concessa
765 2204 974 2283 'exercitusque
988 2204 1078 2265 Luce·

124 2287 199 2349 riam
214 2287 361 2348 reductus.

97 2378 111 2427 1
186 2369 337 2432 xxxvtn.
379 2370 454 2431 Dum
476 2372 550 2432 haec
572 2374 603 2431 in
627 2371 752 2432 Lucanis
778 2380 865 2451 atque
890 2373 924 2431 in
948 2371 1078 2451 Hirpinis

125 2461 283 2531 geruntur,
299 2454 428 2532 quinque
444 2472 546 2524 naves,
562 2472 638 2534 quae
655 2455 847 2517 Macedonum
863 2463 951 2532 atque
966 2454 1076 2517 Poeno·

125 2555 191 2599 rum
205 2545 306 2615 captos
320 2536 433 2616 legatos
446 2538 570 2599 Romam
589 2538 760 2616 portabant,
778 2539 816 2600 ab
830 2556 939 2618 supero
955 2535 1076 2600 moriad

96 2622 251 2682 tiniarum
274 2622 487 2683 circumvectae
513 2640 606 2701 prope
632 2639 750 2684 ornnem
767 2621 867 2684 ltaliae
884 2640 985 2692 oram,
1013 2637 1075 2682 cum

127 2713 245 2784 praeter
257 2706 363 2767 Cumas
374 2702 445 2764 velis
456 2704 615 2775 ferrentur,
632 2723 727 2785 neque
742 2707 870 2768 hostium
880 2724 919 2767 an
932 2707 1077 2768 socierum

125 2797 223 2849 essent
237 2789 307 2849 satis
321 2786 460 2858 sciretur,
478 2789 628 2851 Gracchus
640 2787 755 2851 obviam
771 2808 807 2852 ex
818 2789 912 2852 classe
924 2808 978 2851 sua
994 2802 1075 2850 navas

96 2872 212 2932 ambit.
255 2889 320 2932 cunr
344 2872 565 2949 percunctando
584 2874 615 2933 in
635 2875 729 2935 ricem
744 2875 893 2953 cognitum
916 2882 996 2936 esset
1010 2889 1075 2934 con·

124 2954 218 3017 sulem
239 2956 337 3017 Gumis
354 2971 434 3026 esse,
459 2973 548 3018 naves
572 2956 679 3018 Gumm
698 2955 837 3037 adpulsae
858 2959 1023 3037 captivique
1044 2951 1078 3016 atl

95 3038 275 3101 ‹tconsulem
287 3037 405 3101 deducti
420 3047 449 3101 et
463 3039 578 3101 litterae
592 3040 688 3103 datae.
720 3040 824 3103 consul
836 3042 945 3103 litteris
953 3037 1079 3120 Philippi

124 3130 211 3201 atque
226 3120 398 3184 Hannibalis
417 3121 556 3201 perlectis
578 3125 748 3203 consignata
769 3127 867 3187 omnia
888 3126 925 3186 ad
945 3132 1077 3186 senamm

95 3205 230 3265 citinere
244 3206 379 3266 terrestri
395 3207 490 3277 misit,
508 3206 630 3269 navibus
644 3206 749 3270 devehi
763 3208 875 3288 legatos
889 3211 984 3271 iussit.
1013 3221 1077 3268 cun.
1170 3214 1172 3239 ⁴

125 3283 229 3346 eodem
249 3287 311 3347 lere
338 3287 385 3346 die
408 3287 523 3350 litterae
549 3290 695 3370 legatique
714 3293 837 3354 Romam
864 3293 1024 3361 venissent,
1050 3297 1078 3350 et

124 3370 364 3441 percunctatione
379 3370 455 3431 iacta
474 3371 550 3433 dicta
567 3390 634 3435 cum
649 3376 767 3455 scriptis
782 3384 995 3455 congruerent,
1019 3373 1076 3450 pri·

126 3462 176 3503 mo
191 3449 288 3520 gravis
303 3465 373 3510 cura
386 3460 486 3531 patres
496 3456 618 3518 incessit
633 3467 805 3529 cernentes,
822 3468 930 3540 quanta
944 3460 991 3520 rix
1007 3454 1077 3518 tola·
