2396 3920
152 181 171 239 2
332 196 425 237 121ch
442 196 495 239 vn.
514 197 585 240 car.
599 187 623 237 1.
642 176 682 260 [a.
698 202 730 243 u.
746 202 772 242 c.
787 181 929 264 ata-391]

253 461 329 522 nn
349 446 423 522 [Νι
442 462 489 523 ns
511 462 611 524 unus
633 461 794 525 connisa
815 464 928 527 cisun
948 461 1007 528 vn.

119 606 133 655 l
212 595 235 655 Ι.
258 596 359 656 Annus
373 595 421 656 hic
436 598 493 658 erit
504 597 625 675 insignis
641 599 708 658 novi
720 598 849 661 hominis
860 601 1023 674 consulatu,
1037 605 1103 670 insi·

150 681 215 760 gnis
230 681 311 740 novis
325 679 439 741 duobus
453 681 681 759 magistratibus,
696 689 836 762 praetura
853 692 882 744 et
896 685 993 749 curuli
1007 688 1101 748 aedili·

150 771 218 825 tate.
258 763 313 829 hos
334 762 391 824 sibi
410 765 527 844 patricii
546 767 717 844 quaesivere
737 767 867 828 honores
888 786 943 847 pro
969 787 1104 834 concesso

116 859 134 906 2
149 847 228 928 plebi
244 846 336 909 altero
352 847 514 909 consulatu.
541 848 643 928 plebes
658 849 842 912 consulatum
854 852 888 913 L.
900 853 1008 926 Sextio,
1027 856 1102 917 cuius

147 933 213 1010 lege
227 939 329 1010 partus
344 939 415 1002 erat,
432 932 528 1001 dedit3
549 940 648 1011 patres
661 942 832 1011 praeturam
851 934 902 1014 Sp.
919 937 1008 1000 Furio
1019 940 1104 1001 Marci

148 1015 206 1076 tilio
219 1013 349 1086 Camillo,
362 1015 539 1077 aedilitatem
552 1015 603 1078 Cn.
617 1017 753 1088 Quinctio
768 1018 930 1098 Capitolino
945 1029 974 1082 et
989 1023 1022 1083 P.
1036 1023 1103 1085 Cor-

147 1098 225 1168 nelio
244 1099 381 1179 Scipioni,
400 1117 519 1160 suarum
535 1102 664 1179 gentium
680 1103 757 1180 viris,
775 1106 870 1181 gratia
884 1109 1041 1184 campestri
1059 1125 1103 1168 ce·

147 1190 264 1262 perunt.
298 1184 331 1244 L.
348 1183 447 1244 Sextio
471 1182 583 1263 collega
604 1203 640 1246 ex
664 1186 797 1264 patribus
818 1187 902 1249 datus
917 1189 951 1249 L.
967 1190 1103 1251 Aemilius

104 1278 120 1329 3
146 1268 319 1328 Mamercus,
359 1268 502 1347 principio
520 1269 588 1329 anni
603 1277 633 1330 et
651 1269 687 1330 de
704 1269 807 1340 Gallis,
823 1289 897 1350 quos
913 1272 1009 1350 primo
1026 1273 1103 1352 pala-

147 1354 193 1435 tp's
207 1368 262 1430 per
273 1349 406 1431 Apuliam
423 1354 598 1431 congregari
614 1354 672 1413 iam
687 1352 764 1416 lama
779 1361 850 1425 erat,
868 1361 897 1414 et
913 1355 950 1414 de
961 1356 1104 1417 Hernico-

114 1447 131 1495 4
146 1454 213 1497 rum
229 1433 396 1498 deiectione
413 1436 518 1514 agitata
531 1438 652 1498 mentio.
688 1455 754 1498 cnm
775 1439 812 1498 de
831 1437 976 1499 industria
997 1441 1103 1509 omnia,

146 1518 263 1598 nequid
277 1536 333 1597 per
346 1517 494 1597 plebeium
506 1519 654 1580 consulem
671 1528 819 1599 ageretur,
835 1520 1052 1599 proferrentur,
1066 1525 1105 1582 si-

145 1601 267 1663 lentium
283 1604 412 1663 omniurn
429 1620 530 1664 rerum
546 1619 581 1664 ac
603 1605 714 1664 iustitio
731 1602 826 1664 simile
848 1605 940 1665 otium
962 1604 1030 1675 luit,
1049 1608 1105 1667 nisi

113 1687 223 1767 oquod
241 1704 302 1747 non
315 1685 493 1766 patientibus
513 1689 633 1748 tacitum
650 1685 790 1756 tribunis,
809 1688 887 1765 quod
908 1705 963 1765 pro
985 1690 1106 1750 consule

144 1788 206 1839 uno
214 1769 330 1850 plebeio
341 1779 402 1830 tres
416 1772 556 1850 patricios
567 1772 754 1849 magistratus
765 1767 918 1833 cordibus
929 1769 1008 1833 sellis
1018 1792 1104 1852 prae-

144 1861 270 1915 textatos
281 1859 430 1932 tamquam
446 1854 582 1918 consules
594 1853 731 1915 sedentes
747 1852 883 1916 nobilitas
893 1854 949 1915 sibi
964 1861 1105 1936 sumpsis-

112 1948 129 2000 6
143 1944 199 2008 set*
213 1945 381 2016 praetorem
401 1939 521 2017 quidem
540 1939 628 2019 etiam
643 1939 707 1998 iura
728 1937 903 2000 reddentem
918 1946 948 1999 et
961 1939 1106 2018 collegam

144 2019 313 2093 consulibus
328 2028 414 2101 atque
428 2023 522 2084 isdem
538 2022 675 2100 auspiciis
691 2029 831 2093 creatum,
843 2023 1020 2085 verecundia
1035 2024 1106 2085 inde

142 2102 269 2186 inposita
290 2113 334 2168 est
354 2108 472 2167 'senatui
494 2124 531 2167 ex
550 2104 684 2185 patribus
708 2104 830 2168 iubendi
855 2105 964 2169 aediles
986 2106 1106 2168 curules

143 2192 247 2252 creari.
283 2190 396 2270 primo,
417 2197 450 2252 ut
464 2189 585 2252 alternis
605 2191 690 2250 annis
704 2208 740 2251 ex
758 2188 845 2268 plebe
862 2190 982 2260 fierent,
998 2209 1105 2253 conve·

143 2281 239 2344 nerat;
261 2280 362 2353 postca
376 2276 555 2354 promiscum
570 2273 633 2335 luit.

111 2361 126 2409 ⁷
201 2357 273 2424 Inde
289 2358 322 2419 L.
343 2358 474 2419 Genucio
490 2365 519 2418 et
533 2359 567 2429 Q.
584 2356 707 2418 Servilio
728 2354 898 2417 consulibus
919 2364 948 2417 et
969 2357 1006 2418 ab
1025 2358 1105 2419 sedi·
1118 2372 1133 2399 ·

142 2443 222 2511 tione
235 2449 265 2505 et
282 2460 299 2504 a
316 2441 394 2504 bello
411 2443 518 2521 quietis
534 2440 639 2512 rebus,
655 2458 694 2501 ne
711 2440 828 2520 quando
844 2446 956 2502 ametu
974 2459 1008 2501 ac
1022 2444 1106 2521 peri-

109 2527 127 2579 8
141 2525 214 2588 culis
229 2532 376 2597 vacarent,
391 2524 557 2605 pestilentia
572 2526 677 2604 ingens
694 2533 777 2591 orta,
797 2541 962 2596 censorem,
978 2525 1108 2586 aedilem

141 2609 283 2681 caniciem,
293 2617 356 2672 tres
372 2609 508 2672 tribunos
518 2607 612 2689 plebis
627 2615 759 2670 mortuos
777 2606 885 2678 lerunt,
899 2611 1107 2688 proportione

142 2702 171 2754 ct
192 2710 228 2754 ex
248 2691 433 2753 multitudine
455 2692 510 2754 alia
529 2690 622 2752 multa
643 2692 747 2752 lunera
769 2691 868 2752 luisse.
906 2710 1108 2772 maxumeque

141 2795 206 2837 eam
223 2774 419 2855 pestilentiam
433 2775 578 2852 insignem
599 2792 680 2835 mors
702 2774 833 2853 quamvis
850 2782 979 2846 matura,
1002 2783 1109 2859 tamen

108 2864 125 2914 9
141 2859 247 2921 acerba
261 2859 299 2921 M.
314 2859 385 2920 Furi
403 2858 481 2921 fecit.
524 2857 581 2918 luit
592 2857 672 2919 enim
691 2875 761 2920 vere
782 2859 827 2918 vir
845 2859 950 2921 unicus
970 2861 1002 2921 in
1020 2862 1109 2921 omni

141 2943 268 3014 fortuna,
285 2944 425 3024 princeps
436 2959 510 3022 pace
520 2940 666 3022 belloque,
681 2943 852 3023 priusquam
868 2943 1017 3005 exulatum
1028 2945 1108 3012 iret;

140 3027 247 3103 clarior
261 3030 293 3089 in
304 3027 402 3101 exilio,
411 3025 458 3089 vel
474 3024 621 3088 desiderio
633 3027 765 3098 civitatis,
780 3023 856 3105 qnae
872 3034 957 3106 capta
970 3026 1109 3088 absentis

140 3108 297 3193 inploravit
315 3130 416 3193 opem,
439 3111 485 3173 vel
506 3108 660 3183 felicitate,
676 3129 734 3192 qua
757 3111 909 3172 restitutus
928 3113 960 3172 in
973 3113 1110 3190 patriam

97 3201 243 3258 rosacum
260 3199 383 3277 patriam
399 3198 493 3278 ipsam
509 3196 651 3265 restituit;
672 3213 726 3275 par
741 3193 847 3256 deinde
861 3212 915 3274 per
927 3196 1061 3275 quinque
1078 3202 1112 3255 et

140 3281 243 3363 viginti
257 3299 351 3344 annos
368 3315 404 3329 -
423 3288 467 3344 tot
480 3283 559 3343 enim
575 3287 676 3360 postea
692 3279 763 3341 vixit
775 3311 813 3324 -
830 3277 915 3338 titulo
925 3285 1026 3340 tantae
1037 3278 1111 3357 glo-

18 3370 20 3373 ’
140 3366 202 3427 riae
218 3360 293 3438 init,
316 3367 479 3447 dignusque
494 3364 626 3434 habitus,
648 3381 736 3443 quem
757 3362 919 3424 secundnm
940 3381 956 3423 a
973 3361 1112 3424 Romulo

139 3449 324 3513 conditorem
339 3450 421 3512 urbis
437 3452 585 3513 Romanae
600 3449 737 3509 ferrent.-
