2350 3922
323 228 416 270 cicun
427 229 504 271 1111.
517 228 585 271 cae.
598 208 694 271 5155.
708 207 748 292 [a.
761 210 796 273 0.
811 210 871 292 216]
1017 215 1078 279 309

121 394 236 437 seuere
278 394 329 438 eos
353 393 456 437 omnes
473 377 613 438 Venusini
655 395 687 438 er
707 375 817 440 familia
852 374 871 437 b
912 396 921 438 i
1034 381 1104 441 ci·2

116 460 242 542 piandos
262 478 465 548 amoenosque
481 452 549 539 ffiffi
571 395 749 541 ffi'gw'fffi,
770 445 801 542 ἰῇ
818 395 956 541 {diff
964 397 1077 551 ffiqqs

115 545 1077 700 anmmadnamuunumumummnsn

114 647 154 712 pe
175 630 208 689 iti
225 629 332 706 denos
348 636 378 709 pt
394 647 476 707 aqma
487 629 593 712 qpibpq
608 620 734 712 depprnt
741 629 887 692 dederam
917 636 1101 712 cptppfflppqt

113 712 744 814 qumallmbpspffliffigqqqa,
766 731 816 774 cer
830 732 846 773 a
860 730 981 793 umque,
1003 733 1076 779 nea

114 796 242 859 muliere
264 799 410 861 Canusina
432 798 558 880 populus
580 796 745 859 Venusinus
769 797 872 859 officiis
896 799 1075 865 duceretur

112 882 167 943 sed
183 884 301 960 marius
315 901 391 944 onus
405 883 501 945 Busae
515 880 671 944 multitudo
692 881 831 952 faciebat,
854 882 907 942 et
898 899 956 943 1am
972 882 1010 944 ad
1025 883 1103 946 den
1167 892 1168 899 ’

112 984 180 1027 cem
195 966 275 1028 milia
289 967 443 1029 bominum
454 973 553 1038 erant,
568 967 737 1048 Appiusque
753 973 781 1029 et
796 966 904 1046 Scipio,
917 974 1102 1046 postquamc

68 1103 71 1109 ,
110 1049 294 1113 incolumem
316 1069 380 1113 esse
400 1050 525 1114 alterum
548 1050 699 1114 consulem
719 1057 913 1130 accepemnt,
938 1053 1076 1113 nuntium

112 1133 262 1214 extemplo
290 1137 425 1206 mittunt,
456 1144 582 1216 quantae
607 1153 708 1198 secum
729 1134 861 1217 peditum
885 1135 1074 1215 equitumque

111 1220 216 1299 copiae
234 1226 348 1291 assam,
365 1221 604 1302 sciscitatumque
617 1219 719 1291 simul,
734 1227 835 1282 utrum
851 1217 1007 1282 Venusiam
1024 1219 1075 1280 ad·

6 1346 8 1363 2
111 1302 183 1364 duci
199 1305 360 1365 exercitum
371 1322 409 1366 an
422 1322 545 1367 manera
558 1304 674 1367 iuberet
685 1304 812 1366 Canusii
841 1305 934 1365 l'arro
945 1304 1008 1384 ipse
1021 1302 1102 1365 Cau
1167 1348 1168 1353 η

110 1389 232 1452 ensium
247 1390 346 1468 copias
367 1388 505 1450 traduxit.
540 1394 570 1449 et
590 1391 650 1451 iam
671 1387 769 1468 aliqua
782 1389 896 1466 specics
912 1387 1117 1449 comularis
1167 1404 1168 1407 ’

111 1474 261 1534 exercitus
277 1479 354 1542 crat,
371 1471 584 1553 moenibusque
599 1490 631 1533 sc
651 1479 746 1540 cerie,
774 1472 830 1532 etsi
849 1489 909 1531 non
931 1472 1021 1533 armis
1037 1470 1119 1533 ab

63 1618 64 1621 ,
109 1557 199 1617 hoste
217 1555 392 1618 videbantur
408 1556 569 1618 defensuri.

176 1639 301 1701 Romam
314 1659 352 1701 ne
367 1641 421 1703 bas
437 1640 556 1720 quidem
570 1639 709 1719 reliquias
723 1654 882 1717 superesse
901 1639 1008 1703 civium
1025 1657 1073 1699 sc·
1085 1648 1123 1696 7

109 1725 301 1803 morumque,
320 1724 372 1785 sed
387 1724 538 1785 occidione
553 1726 682 1786 occisum
698 1740 765 1787 cum
780 1723 948 1785 censalibus
959 1721 1074 1785 duobus

110 1809 276 1869 exercitum
291 1807 461 1887 deletasque
478 1826 582 1869 omnes
596 1809 696 1887 copias
710 1804 840 1883 adlatum
855 1808 959 1875 bascat.
989 1825 1074 1884 num
1062 1814 1119 1871 θ’,

109 1910 200 1971 quam
216 1892 293 1954 salva
309 1890 383 1954 urbe
398 1899 511 1954 tantum
522 1893 639 1973 pavoris
654 1889 853 1971 tumultusque
864 1893 942 1953 intra
957 1889 1074 1953 moenia
1114 1956 1118 1971 ,

6 2042 10 2057 ‚
108 1976 244 2037 Romana
260 1975 323 2037 init.
356 1978 455 2057 itaque
477 1976 666 2038 succumbam
682 1977 780 2047 oneri,
801 1993 898 2056 neque
917 1975 1073 2055 adgrediar
1115 2004 1118 2013 v

6 2112 7 2115 ,
108 2077 248 2131 narrare,
265 2078 341 2140 quiae
357 2060 558 2122 edissertando
572 2062 688 2123 minora
708 2078 778 2122 vero
800 2060 915 2122 laciam
952 2059 1101 2121 consulet)

110 2145 302 2224 exercituque
316 2145 353 2206 ad
366 2145 601 2207 Trasumennum
615 2147 716 2226 priore
730 2162 807 2205 anno
823 2145 930 2204 amisso
940 2161 1000 2205 uon
1011 2142 1073 2204 vul·

109 2245 183 2299 uus,
206 2228 258 2289 sed
279 2227 433 2309 multiplex
459 2227 573 2298 clades,
602 2245 670 2289 cum
691 2228 805 2290 duobus
826 2225 995 2287 consulibus
1015 2226 1073 2288 duo
1167 2304 1168 2309 ἵ

110 2311 283 2374 consulares
303 2314 449 2378 exercitus
476 2313 575 2373 amissi
598 2311 822 2382 nuntiabantur,
848 2328 905 2371 nec
927 2308 1023 2370 ulla
1014 2327 1073 2372 iam
1167 2314 1168 2317 ’

110 2404 208 2456 casira
221 2396 353 2458 Romana
374 2401 430 2457 nec
452 2395 557 2457 ducem
579 2413 635 2456 nec
657 2392 1116 2462 milltcmesse;llann1babs10

109 2477 261 2559 Apuliam
285 2480 436 2541 Samnium
458 2497 492 2539 ac
513 2480 571 2539 iam
592 2496 686 2558 prope
706 2484 797 2540 totam
818 2477 932 2539 ltaliam
953 2477 1071 2538 iactam.
1167 2548 1168 2551 1

111 2562 192 2623 nulla
206 2562 341 2642 prolecto
353 2562 409 2625 alia
420 2581 494 2641 gens
505 2570 586 2624 tanta
598 2562 676 2623 mole
689 2561 779 2623 cladis
791 2579 852 2622 non
866 2559 972 2625 obruta
986 2568 1071 2622 essct

111 2663 266 2724 compares
273 2646 385 2708 cladem
397 2645 675 2726 adlegatisinsulas
686 2646 970 2741 Carthaginiensium
985 2662 1072 2724 proe-
1060 2651 1168 2704 -11

110 2730 151 2791 lio
167 2730 263 2792 navali
279 2742 445 2810 acceptam,
460 2750 518 2811 qna
532 2731 619 2792 iracti
633 2726 731 2792 Sicilia
746 2748 780 2792 ac
795 2718 961 2791 Sardinia
946 2745 1072 2799 cessere,
1167 2738 1168 2803 j

109 2814 181 2876 inde
196 2813 346 2894 uectigalis
360 2834 395 2876 ac
406 2834 420 2875 s
422 2815 612 2894 tip'endiarios
626 2816 692 2877 deri
703 2832 735 2875 se
749 2816 827 2893 passi
842 2825 919 2883 sunt,
933 2822 983 2876 aut
999 2830 1072 2893 pug·
1167 2812 1168 2875 1

110 2917 181 2960 nam
196 2898 372 2960 adversam
363 2918 395 2960 m
407 2899 519 2970 Africa,
536 2902 584 2961 cui
593 2907 696 2980 postea
710 2900 780 2960 bic
772 2916 836 2978 ipse
849 2897 996 2961 Hannibal
1007 2917 1072 2959 suc·
1167 2880 1168 2971 1

111 2982 227 3045 cubuit:
245 2982 326 3045 nulla
338 3001 375 3044 ex
386 2991 470 3063 parte
482 2984 689 3063 conparandae
700 2991 776 3054 sunt,
796 2984 853 3043 nisi
868 2983 946 3062 quod
957 2984 1073 3043 minore

110 3069 211 3130 animo
224 3066 300 3129 latae
314 3075 392 3129 sunt.

175 3150 233 3213 LV.
276 3153 310 3213 P.
333 3153 439 3214 Furius
461 3151 562 3215 Philus
594 3160 624 3214 et
648 3152 686 3214 ll.
709 3151 889 3229 Pomponius
921 3155 1102 3227 praetoresl

110 3244 247 3299 senatum
273 3246 305 3296 in
332 3238 443 3298 curiam
465 3236 618 3298 Hostiliam
647 3242 841 3303 rocaverunt,
870 3242 902 3296 ut
929 3232 965 3292 dc
990 3232 1073 3293 urbis

112 3321 246 3383 custodia
263 3318 467 3382 consulerent:
484 3337 580 3400 neque
596 3322 673 3381 enirn
686 3318 858 3381 dubitabant
875 3317 978 3379 deletis
990 3335 1073 3378 exer·
1061 3323 1101 3371 -2

111 3405 221 3467 sitibus
230 3404 347 3466 hostem
362 3405 399 3466 ad
414 3404 657 3505 oppugnandam·
652 3406 791 3474 Romam,
794 3404 885 3484 quod
897 3420 988 3465 unum
1000 3419 1073 3480 opus

111 3488 186 3551 balb
200 3496 340 3560 restaret,
356 3495 522 3551 venturum
560 3507 627 3550 cum
648 3491 680 3551 in
698 3487 783 3553 malis
796 3490 882 3552 sicuti
896 3484 1072 3568 ingentibus,
1084 3490 1102 3541 a
