2350 3922
256 265 349 309 arnse
362 267 452 311 xxrn.
469 264 537 309 oar.
553 254 596 308 34.
613 253 657 308 35.
675 242 714 327 [a.
730 245 764 308 (l.
780 243 842 327 215]
964 248 1025 311 355
1099 196 1103 203 Ι

71 415 110 488 Q.
121 414 264 484 Mucium,
281 416 331 494 qui
346 415 533 476 successisset
548 413 617 485 sibi,
633 414 774 491 gravitate
786 410 859 472 caeli
870 429 1025 492 aquarum·

70 517 132 579 que
144 497 346 558 advenientem
360 507 529 578 exceptum,
542 516 602 559 non
614 506 672 559 tam
685 498 716 557 iu
728 495 927 577 periculosum
938 513 1025 575 quam

70 583 195 660 longum
207 580 343 645 morbum
357 581 535 660 inplicitum,
552 583 601 643 diu
613 581 648 642 ad
664 580 734 641 belli
745 580 846 642 munia
856 579 1025 661 sustinenda

1 719 2 724 ,
70 665 207 726 inutilem
222 665 299 737 lore,
317 666 537 746 exercitumque
558 666 601 726 ibi
615 673 648 727 ut
672 666 741 726 satis
764 667 882 726 drmum
904 675 1024 743 pacatae
1038 669 1069 720 12

69 749 242 831 provinciae
254 749 419 827 praesidem
430 767 503 821 esse,
516 752 555 811 ita
566 752 709 830 imparem
722 747 809 816 bello,
824 746 903 827 quod
914 753 1025 808 motum

69 837 111 895 iri
126 833 290 907 videretur,
313 834 507 895 decreverunt
525 842 638 912 patres,
664 843 697 894 ut
718 833 753 905 Q.
769 830 887 893 Fulvius
904 830 1025 892 Flaccus
1038 835 1069 888 13

70 920 205 998 quinque
223 917 303 977 milia
324 917 471 996 peditum,
499 918 730 998 quadringentos
753 917 867 995 equites
885 913 1028 975 scriberet

70 1019 200 1080 eamque
224 999 371 1078 legionem
399 1003 496 1079 primo
520 1020 637 1083 qnoque
658 1009 791 1080 ternpore
810 1002 841 1059 in
861 998 1026 1060 Sardiniam

70 1083 266 1148 traiciendam
281 1092 412 1155 curaret,
436 1087 624 1166 mitteretque
641 1104 708 1146 cum
721 1085 847 1164 imperio
862 1100 950 1162 quem
971 1081 1027 1161 ipsi
1038 1086 1071 1136 14

69 1169 237 1238 rideretur,
250 1168 746 1249 quiremgereret,qnoadllucius
758 1166 961 1228 convaluisset.
989 1163 1026 1225 ad
1039 1166 1070 1221 15
1173 1184 1174 1247 }

71 1271 141 1316 earn
154 1271 219 1313 rem
233 1253 340 1314 missus
356 1261 401 1314 est
414 1252 447 1314 Τ.
466 1252 590 1315 Manlius
604 1252 778 1333 Torquatus,
799 1250 909 1331 quibis
926 1247 1028 1311 consul
1173 1312 1174 1319 χ

61 1347 104 1398 vet
120 1353 227 1397 censor
242 1336 339 1398 iuerat
359 1335 572 1416 subegeratque
590 1339 621 1397 in
643 1336 796 1398 consulatu
812 1335 930 1396 Sardos.
970 1332 1071 1393 suble
1173 1380 1174 1383 ,

70 1422 155 1495 idem
178 1421 243 1480 lere
265 1428 382 1499 ternpus
403 1429 432 1481 et
454 1438 470 1482 a
492 1420 669 1498 Carthagine
689 1423 719 1480 in
742 1418 906 1480 Sardiniam
928 1417 1028 1479 classis

71 1506 164 1566 missa
179 1503 253 1564 duce
270 1502 466 1574 Hasdrubale,
489 1506 536 1564 cni
551 1503 636 1566 Calvo
654 1520 819 1583 cognomen
844 1508 921 1574 erat,
943 1498 1027 1561 foeda
1173 1554 1174 1583 q

72 1594 250 1666 tempestate
271 1595 371 1649 vexata
386 1587 422 1648 ad
437 1586 566 1648 balearis
584 1588 695 1649 insulas
710 1588 850 1656 deicitur,
872 1583 1026 1664 ibique-
1041 1588 1070 1640 17
1173 1600 1174 1659 j

72 1671 151 1735 adeo
167 1688 227 1731 non
242 1679 423 1734 armamenta
436 1671 539 1742 modo,
558 1671 710 1733 sedetiam
725 1670 799 1731 alvei
813 1669 930 1731 narium
943 1685 1028 1748 quas·

72 1756 132 1816 sati
145 1763 229 1815 eram
244 1790 282 1800 -
295 1755 456 1816 subductae
468 1773 556 1816 naves
566 1755 637 1816 dum
650 1755 834 1823 reficiuntur,
848 1751 1028 1832 aliquantum

73 1841 220 1916 ‘emporis
238 1840 392 1899 triverunt.

141 1921 252 1982 XXXV.
283 1922 316 1982 ln
332 1922 412 1983 ltalia
429 1939 496 1984 cum
515 1930 583 2002 post
597 1924 781 1984 Cannensem
803 1938 947 2002 pugnarn,
969 1919 1056 1980 ira-1

73 2007 134 2068 otis
149 2006 240 2084 partis
256 2005 376 2067 alterius
386 2004 511 2078 viribus,
532 2006 652 2067 alterius
664 2003 782 2067 mollitis
795 2006 1028 2082 animissegnius

74 2087 189 2151 bellum
205 2096 295 2160 esset,
319 2090 459 2169 Campani
480 2108 533 2169 per
550 2099 582 2152 se
597 2090 692 2151 adorti
706 2099 776 2150 sunt
790 2108 853 2150 rem
868 2090 1057 2152 Cumanam2

74 2190 149 2236 suae
167 2172 290 2234 dicionis
306 2173 417 2244 iacere,
440 2176 536 2253 primo
558 2172 762 2244 sollicitantes,
786 2182 821 2233 nt
838 2172 875 2232 ab
891 2171 1030 2232 Romanis

76 2256 253 2326 delicerent:
275 2256 327 2318 ubi
345 2257 374 2317 id
390 2275 498 2335 parum
513 2258 671 2336 processit,
695 2256 795 2317 dolum
814 2254 850 2315 ad
873 2254 1031 2332 capiendos
1173 2286 1174 2309 1

79 2357 131 2401 ecs
141 2348 313 2419 conparant.
343 2348 411 2405 erar
423 2341 577 2421 Campans
588 2339 724 2411 omnibus
736 2346 843 2413 statque
851 2337 1030 2412 sacrificium
1043 2343 1059 2393 3
1173 2350 1174 2399 1

76 2422 115 2485 ad
131 2422 247 2487 Hamas.
297 2443 333 2485 eo
355 2431 488 2486 senatum
509 2423 688 2503 Campanum
709 2430 865 2492 venturum
877 2421 1030 2501 „certiores

76 2508 226 2570 Cumanos
247 2508 382 2580 lecerunt
409 2510 628 2588 petieruntque,
654 2515 736 2569 utet
757 2506 904 2568 Crunanus
928 2523 963 2564 eo
984 2521 1030 2564 se·

76 2599 166 2652 natus
187 2593 301 2652 reniret
321 2592 357 2652 ad
384 2592 607 2653 consultandum
628 2591 838 2660 communiter,
865 2598 897 2650 nt
912 2586 1031 2648 eosdem
1173 2634 1174 2649 2

76 2683 205 2753 uterque
220 2674 346 2755 populus
357 2678 453 2737 scelos
467 2677 627 2757 hostesque
639 2674 777 2736 baberet:
796 2671 976 2753 praesidium
989 2669 1059 2729 ibin
1173 2686 1174 2749 j

78 2766 227 2821 armatum
243 2777 274 2821 se
296 2758 463 2830 babituros,
486 2759 608 2840 nequid
630 2759 667 2820 ab
683 2758 816 2820 Romano
831 2756 966 2817 Poenove
980 2772 1031 2833 pe·

77 2840 167 2904 riculi
183 2850 268 2904 esset.
302 2844 438 2914 Cumani,
454 2861 630 2923 quamquam
645 2849 780 2922 suspecta
796 2839 971 2907 irauserat,
987 2839 1031 2898 ni·
1173 2884 1174 2889 1

76 2924 121 2987 hil
137 2925 281 2998 abnuere,
302 2928 343 2989 ita
363 2929 422 3006 tegi
443 2926 531 2988 fallax
546 2924 700 2987 consilinm
716 2941 803 3004 posse
819 2925 886 2985 rati.
915 2922 1060 2983 interimo
1173 2930 1174 2973 l

76 3011 124 3072 Ti.
142 3009 334 3091 Sempronius
356 3009 458 3072 consul
471 3010 620 3074 Romanus
635 3010 806 3079 Sinuessae,
830 3024 888 3089 quo
910 3005 947 3067 ad
961 3023 1032 3066 con·

77 3095 256 3156 veniendum
275 3095 353 3156 diem
369 3094 514 3165 edixerat,
538 3095 668 3155 exercitu
688 3092 810 3154 lustrato
832 3099 1034 3168 transgressus

75 3178 254 3241 volturnum
270 3178 379 3241 flumen
395 3180 473 3242 circa
484 3177 636 3240 Liternum
652 3177 749 3257 posuit
763 3183 868 3237 castra.
905 3172 948 3234 ibi
966 3173 1063 3252 quiao

78 3265 174 3324 otiosa
191 3263 292 3324 stativa
310 3269 409 3333 erant,
426 3260 532 3323 crebro
548 3261 707 3323 decurrere
721 3259 829 3322 milites
843 3255 981 3336 cogebat,
1002 3263 1035 3317 ut

77 3350 191 3408 tuones
202 3379 244 3390 -—
256 3364 290 3407 ea
305 3349 430 3407 maxima
441 3362 510 3428 pars
521 3343 660 3407 volonum
671 3352 758 3406 erant
770 3378 812 3389 —
827 3342 1036 3404 adsuescerent

79 3430 165 3507 rigna
177 3431 260 3510 sequi
277 3430 350 3490 etin
366 3431 429 3490 acie
445 3444 606 3506 agnoscere
622 3427 742 3489 ordines
757 3438 835 3490 suos.
868 3426 946 3487 lnter
960 3430 1061 3503 quael

76 3513 206 3575 maxima
223 3520 287 3574 erat
307 3531 378 3575 cura
399 3512 480 3581 duci,
501 3513 599 3591 itaque
619 3512 724 3589 legatis
744 3511 1034 3590 tribunisque‘prae·

764 3594 830 3662 23·
