2396 3920
111 410 113 415 ·
152 379 226 439 cinis
240 377 370 439 finitimis
385 396 465 454 arma
478 366 678 449 coniunxerat,
694 393 811 455 unoque
821 371 935 453 proelio
946 370 1028 434 baud
1040 391 1116 435 sane

42 482 47 515 1
149 461 333 522 memorabili
348 462 472 523 duorum
485 459 661 545 populorum
674 461 822 521 exercitus
839 458 920 517 lusus
934 457 1115 536 propinqui·

24 544 30 551 ⁴
72 582 73 591 κ
149 554 208 606 tate
228 545 346 606 urbium
371 553 400 606 et
420 544 455 606 ad
480 546 577 623 lugam
597 545 719 623 pronior
740 551 770 604 et
790 543 821 602 in
842 541 909 620 iuga
931 542 996 620 ipsa
1020 543 1118 602 tutior

118 629 213 690 eluit.
246 646 302 689 nec
317 637 413 690 tamen
435 630 542 689 omissa
564 630 626 688 eius
646 626 717 687 belli
730 644 802 688 cura
816 624 962 705 patribus,
981 626 1050 705 quia
1065 632 1116 685 to-

151 716 227 774 tiens
242 714 299 774 iam
312 712 435 773 Sidicini
446 720 496 774 aut
511 713 567 790 ipsi
575 719 728 772 moverant
742 708 852 771 bellum
863 716 913 769 aut
923 708 1117 769 moventibus

59 838 63 839 ν
117 809 135 857 4
149 795 289 860 auxilium
298 795 428 857 tulerant
440 804 489 857 aut
501 813 586 857 causa
599 812 750 857 armorum
764 794 889 854 lucrant.
917 794 1017 872 itaque
1029 795 1118 854 omni

24 918 26 921 ·
151 900 206 962 ope
223 880 317 943 adnisi
336 889 417 950 sunt,
435 887 468 940 ut
483 881 643 941 marimum
659 897 692 939 ea
709 885 882 958 tempestate
898 877 1117 955 imperatorem

27 1010 29 1013 ψ
73 988 75 997 ’
98 1004 100 1007 v
118 977 134 1026 a
149 967 187 1028 M.
202 964 349 1025 Valerium
367 963 493 1026 Corvum
509 961 659 1025 consulem
672 968 807 1042 quartum
824 961 971 1023 lacerent:
996 958 1117 1040 collega

9 1064 14 1073 ’
40 1120 43 1123 ,
150 1048 264 1110 additus
281 1047 373 1110 Corvo
388 1049 426 1108 Μ.
444 1045 546 1109 Atilius
559 1045 703 1125 Regulus:
722 1053 751 1107 et
765 1064 802 1107 ne
820 1046 896 1106 lorte
910 1063 980 1106 casu
995 1062 1117 1106 errare·

8 1192 12 1199 ,
151 1140 213 1200 tur,
234 1132 354 1210 petitum
367 1130 403 1192 ab
419 1130 603 1200 consulibus,
619 1137 651 1191 ut
666 1137 747 1192 extra
762 1137 873 1191 sortem
890 1128 976 1191 Corvi
990 1144 1025 1189 ea
1041 1147 1117 1208 pro-

6 1234 31 1283 ;;’
117 1216 244 1278 drincia
272 1222 357 1276 esset.
392 1215 523 1276 exercitu
546 1216 656 1275 victore
677 1234 694 1277 a
714 1212 915 1294 superioribus
940 1211 1119 1274 consulibus

7 1300 20 1305 ”
55 1326 59 1337 ·
151 1306 271 1378 accepto
285 1298 321 1359 ad
333 1297 429 1367 Cales,
445 1298 524 1359 unde
536 1297 645 1359 bellum
658 1305 755 1360 ortum
768 1305 845 1368 erat,
860 1296 1026 1376 proiectus,
1044 1314 1117 1358 cum

22 1452 24 1455 v
150 1384 251 1443 hostes
274 1381 311 1443 ab
331 1384 492 1462 superioris
512 1384 600 1444 etiam
629 1383 797 1443 certaminis
820 1382 964 1442 memoria
989 1381 1117 1460 pavidos

125 1458 126 1469 ’
152 1467 282 1528 clamore
296 1473 383 1547 etque
399 1468 510 1547 impetu
521 1468 616 1547 primo
632 1466 771 1535 fudisset,
788 1465 905 1526 moenia
921 1466 982 1543 ipsa
998 1482 1116 1544 oppug-

5 1550 22 1623 ξἸ
119 1562 135 1611 7
151 1570 222 1614 nare
233 1560 277 1612 est
287 1550 452 1630 adgressus.
477 1549 637 1611 etmilitum
651 1549 768 1629 quidem
780 1552 805 1610 is
820 1556 882 1610 erat
894 1549 991 1618 ardor,
1005 1555 1039 1608 ut
1055 1551 1116 1610 iarn

150 1636 220 1696 inde
236 1654 304 1696 cum
326 1635 412 1696 scalis
433 1635 591 1696 succedere
613 1634 649 1693 ad
671 1652 772 1694 muros
789 1631 898 1694 vellent
913 1649 1117 1713 evasurosque

119 1727 136 1778 8
152 1719 381 1789 contenderent3
404 1720 528 1787 Corvus,
547 1719 613 1796 quia
630 1717 658 1777 id
676 1717 800 1778 arduum
819 1717 898 1778 lactu
913 1722 990 1785 erat,
1009 1713 1117 1778 labore

152 1802 277 1862 militum
301 1806 398 1881 potius
418 1821 505 1882 quam
525 1799 657 1881 perinulo
676 1818 819 1880 peragere
840 1802 992 1880 inceptum
1012 1800 1115 1862 voluit.

6 1882 18 1931 2<
48 1888 49 1891 ’
152 1888 249 1965 itaque
273 1903 410 1964 aggerem
433 1893 462 1946 et
482 1888 581 1945 vineas
602 1885 662 1963 egit
685 1893 838 1965 turresque
859 1903 944 1945 muro
971 1884 1116 1956 admovit,

4 1988 46 2045 τῇ),
119 1979 136 2031 9
151 1987 275 2049 quarum
291 1986 376 2030 usum
392 1969 467 2029 torte
479 1968 575 2029 oblata
590 1971 772 2048 oportunitas
785 1970 954 2051 praevertit.
984 1987 1119 2048 namque

151 2053 189 2114 Μ.
207 2052 330 2122 Fabius,
349 2055 478 2132 captivus
495 2052 658 2123 Romaene,
674 2071 741 2113 cum
757 2071 811 2132 per
825 2052 1044 2132 neglegentiam
1064 2072 1118 2113 cu·

5 2202 10 2215 1
152 2138 268 2199 stodum
286 2137 360 2199 sesto
386 2134 434 2196 die
455 2134 575 2197 vinculis
595 2138 689 2216 ruptis
715 2155 769 2217 per
787 2155 905 2198 murum
925 2138 1004 2198 inter
1020 2155 1119 2216 opera

151 2221 352 2282 Romanorum
378 2219 500 2298 religata
527 2218 562 2280 ad
591 2221 712 2299 pinnam
738 2223 815 2282 muri
844 2229 922 2282 reste
950 2237 1119 2300 suspensus

4 2336 29 2381 ,χ
106 2303 287 2366 temonibus
314 2322 346 2364 se
373 2303 551 2374 demisisset,
581 2304 709 2385 perpulit
738 2306 1019 2383 imperatoremm
1046 2305 1119 2367 vino

9 2418 15 2459 3
61 2410 68 2417 ’·
102 2454 104 2457 ,
152 2387 305 2465 epulisque
320 2388 430 2467 sopitos
445 2388 545 2449 bootes
562 2387 783 2467 adgrederetur.
818 2406 873 2449 nee
889 2390 1000 2449 maiore
1016 2396 1120 2450 certa·

11 2510 25 2521 ..
41 2524 42 2527 ,
151 2472 231 2533 mine
246 2473 323 2550 cepti
337 2490 405 2534 cum
420 2472 494 2533 urbe
509 2473 640 2534 Ausones
661 2479 740 2542 sunt,
763 2491 850 2552 quam
866 2473 929 2534 acie
945 2473 1003 2533 lusi
1017 2480 1119 2536 eraut.

48 2570 71 2629 J,
101 2586 107 2591 ,
150 2555 260 2635 praeda
278 2563 361 2637 capta
375 2557 480 2636 ingens
495 2564 551 2627 est,
570 2555 775 2637 praesidioque
786 2558 914 2636 inposito
931 2555 1049 2619 Calibus
1067 2575 1119 2618 re·

108 2647 140 2699 lt
153 2640 256 2702 ductae
269 2640 391 2703 llomam
404 2640 544 2720 legiones.
565 2639 668 2701 consul
680 2657 716 2701 ex
731 2648 850 2702 senatus
862 2636 998 2702 consulto
1007 2641 1120 2702 trium·

116 2744 120 2745 ⁷
150 2723 264 2802 pbavit,
287 2732 332 2794 et,
354 2743 391 2785 ne
413 2725 518 2785 Atilius
539 2742 645 2804 expers
674 2721 786 2803 gloriae
806 2732 897 2795 esset,
924 2725 997 2785 iussi
1023 2724 1120 2787 ambo

95 2815 141 2867 ,12
153 2805 291 2866 eonsules
305 2806 444 2867 adversus
456 2806 602 2867 Sidicinos
613 2808 722 2869 ducere
737 2809 908 2870 exercitum.
938 2807 1121 2871 dictatorem

54 2910 58 2915 ¹
151 2897 219 2963 ante
237 2907 273 2949 ex
290 2896 409 2952 senatus
434 2888 567 2951 consulto
591 2892 776 2954 comitiorum
796 2891 1000 2953 habendorum
1023 2911 1121 2954 causa

4 3028 9 3055 ,
151 2971 289 3034 dixerunt
301 2973 332 3034 L.
345 2971 501 3035 Aemilium
513 2974 740 3047 Mamercinum
758 2978 781 3037 is
792 2978 965 3055 magistrum
979 2980 1120 3056 equitnm

4 3070 51 3133 [4⁴
117 3110 119 3113 .
150 3056 184 3129 Q.
201 3055 359 3118 Publilium
381 3056 535 3120 Philonem
557 3057 640 3121 dixit.
673 3060 816 3121 dictatore
837 3061 954 3121 comitia
982 3059 1122 3122 habente

3 3136 28 3197 d
107 3148 141 3200 13
150 3140 287 3204 consules
302 3144 394 3204 creati
409 3151 478 3204 sunt
493 3143 526 3204 Τ.
540 3143 678 3205 Veturius
694 3144 744 3223 Sp.
762 3144 937 3205 Postumius.
970 3146 1024 3205 etsi
1042 3143 1123 3206 belli

150 3243 219 3303 pars
236 3244 302 3286 cum
318 3227 455 3288 Sidicinis
472 3226 617 3303 restabat,
641 3233 752 3299 tamen,
774 3235 807 3288 ut
826 3227 970 3289 beneflcio
1009 3245 1120 3289 raere-

43 3364 60 3377 ,.
145 3308 250 3367 'pirent
260 3309 438 3372 desiderium
452 3309 562 3391 plebis,
582 3310 619 3372 de
633 3309 748 3373 colonia
764 3310 935 3372 deducenda
951 3247 1035 3373 Cales
1053 3323 1122 3373 ret·

4 3396 28 3463 2³3-
49 3392 68 3477 2]
98 3397 142 3448 v14
154 3385 298 3460 tulerunt;
313 3394 576 3474 factoquesenatus
591 3393 733 3465 consulto,
752 3403 783 3456 ut
794 3394 852 3456 duo
864 3394 944 3456 milia
956 3397 1122 3475 quingenti

58 3476 60 3537 ζ
81 3500 87 3525 ;
108 3550 120 3561 Ἀ
149 3472 285 3536 homines
301 3493 336 3535 eo
353 3475 569 3550 scriberentur,
587 3480 755 3540 triumviros
772 3478 903 3539 coloniae
918 3478 1122 3542 deducendae

148 214 189 279 66
274 231 367 272 ursus
382 229 451 271 vrri.
468 228 533 271 ese.
552 216 594 269 ld.
612 205 650 288 [a.
663 230 693 268 u.
710 229 736 268 o.
751 214 801 263 417
811 203 974 286 laenate]
