2350 3922
247 188 374 273 'menn
387 231 465 272 xxu.
481 230 548 274 oar.
563 217 607 272 56.
625 220 667 274 57.
685 211 723 293 [a.
741 215 776 276 0.
793 208 855 294 216]
985 218 1045 280 311
1154 180 1155 227 1

89 376 225 440 consulto
251 376 355 439 dicbus
377 380 497 456 triginta
511 379 606 440 luctus
630 385 674 439 est
695 379 802 441 linitus.
836 389 968 441 ceterum
984 387 1080 439 cums

20 540 21 543 Ἴ
90 461 190 522 sedato
203 475 424 522 urnis-tumultu
436 464 566 524 revocati
576 464 607 524 in
622 468 734 523 curiam
745 471 844 541 patres
857 472 963 529 essent,
976 461 1050 524 aliae

91 546 211 624 insuper
223 562 261 605 ex
278 544 374 606 Sicilia
389 544 504 608 litterae
519 545 632 608 adlatae
647 553 716 607 suut
730 546 765 606 ab
777 547 811 609 Τ.
828 545 967 608 Octacilio
979 565 1048 626 pro·

91 636 244 706 praetore,
264 645 388 706 regnum
403 628 541 690 Hieronis
552 629 644 691 classe
661 630 771 693 Punica
785 631 907 697 vastari;
920 631 967 688 cui
982 639 1077 691 cuma
1154 692 1155 695 Ἴ

19 760 21 783 2
91 730 176 791 opem
201 711 365 790 inploranti
386 712 465 773 lerre
486 712 588 785 vellet,
612 715 777 774 nuntiatum
800 713 856 774 sibi
878 711 1052 773 essentiam

19 824 20 827 ¹
89 794 216 857 classem
237 796 275 856 ad
297 797 413 873 Aegatis
434 796 545 858 insulas
561 805 640 859 stare
660 804 792 875 paratam
809 799 1049 874 instructamque,
1154 806 1155 809 ’

19 892 20 895 ’
92 887 135 948 ut,
152 879 204 939 uhi
220 897 254 941 se
271 897 389 939 versum
414 880 450 939 ad
472 881 611 941 tuendam
632 881 845 959 Syracusanam
863 897 945 941 oram
960 879 1079 940 Poenis

89 965 266 1032 sensissent,
283 961 453 1041 Lilybaeum
470 965 615 1043 extemplo
630 965 871 1044 provinciamque
891 962 978 1023 aliam
991 963 1050 1023 Ro·

92 1064 206 1107 maram
223 1046 473 1124 adgrederentur:
493 1049 591 1128 itaque
608 1048 700 1109 classe
721 1066 795 1127 opus
812 1066 891 1118 esse,
908 1048 933 1108 si
948 1064 1018 1125 rege

93 1131 201 1191 socium
222 1129 413 1210 Siciliamque
429 1134 507 1192 tueri
520 1131 636 1193 vellent.
1008 1168 1010 1171 ν

151 1214 228 1274 LVll
268 1212 390 1275 Litteris
409 1214 537 1276 consulis
559 1217 761 1294 praetorisque
776 1219 858 1276 lectis
873 1219 1078 1278 censueructl

88 1307 259 1370 ,praetorem
274 1297 308 1356 M.
329 1297 495 1369 Claudium,
517 1300 567 1376 qui
587 1298 672 1360 classi
684 1300 719 1358 ad
736 1298 845 1360 Ostiam
860 1300 949 1360 stanti
964 1316 1051 1378 prae-

89 1394 171 1444 essee
195 1380 356 1443 canosum
372 1382 409 1442 ad
421 1384 583 1443 exercitum
595 1383 783 1450 mittendum,
794 1381 1051 1460 'scribendumque

93 1466 215 1544 consuli,
248 1475 291 1536 ut,
320 1483 385 1526 cum
408 1466 540 1544 praetori
560 1466 721 1525 exercitum
744 1463 928 1534 tradidisset,
953 1467 1051 1542 primo

93 1563 207 1628 quoquc
226 1564 372 1629 ternpore.
401 1558 542 1627 quantum
557 1566 613 1627 per
638 1546 825 1608 commodum
850 1549 895 1607 rei
916 1546 1052 1625 publicae

94 1628 155 1696 leri
176 1641 280 1711 posset
316 1630 440 1695 Romam
461 1634 583 1692 veniret.
618 1631 714 1692 territi
734 1631 822 1691 etiam
846 1647 936 1709 super
955 1637 1080 1690 tantas2

19 1792 21 1799 y
93 1711 189 1776 clades
205 1734 275 1776 cum
298 1716 403 1775 ceteris
425 1715 582 1794 orodigiis,
606 1723 669 1776 tum
684 1714 763 1794 quod
778 1713 853 1774 duae
867 1713 998 1776 Vestales
1017 1731 1052 1773 eo

93 1798 225 1863 anno.0
247 1799 319 1860 imia
342 1808 428 1865 atuue
449 1797 588 1859 Floronia
614 1805 661 1859 stu
683 1800 709 1858 ri
726 1815 783 1857 con
807 1806 887 1859 ertae
916 1816 933 1859 e
961 1797 1053 1858 altera

96 1858 145 1942 sir!
207 1818 241 1944 ri
275 1893 320 1943 uu
333 1899 397 1943 mos
413 1894 461 1945 est.
489 1878 525 1944 ad
557 1889 652 1943 ortam
668 1817 811 1943 {effluam
827 1890 931 1943 necata
946 1879 1051 1950 luerat,

92 1945 148 2023 die
210 1968 249 1981 ’¹
327 1954 332 1980 '
372 1974 726 2027 amorternconscrrerat.
754 1954 822 2029 id
876 1954 906 2026 'li
1013 1953 1031 2025 b

780 2013 787 2027 .
824 1977 884 2027 anu
905 1984 1011 2027 asscrr
1034 1971 1077 2027 aa

95 1967 736 2130 {mnitilicimcpmsmlumuunffiffirffiisffifiws
747 2049 904 2130 adpellant,
921 2051 1054 2128 quicum

96 2126 229 2195 Floronia
250 2143 387 2212 stuprum
410 2133 533 2204 lecerat,
556 2153 573 2194 a
592 2135 731 2213 pontifice
751 2136 879 2194 maximo
903 2150 937 2192 eo
960 2150 1054 2210 usque

96 2213 181 2291 virgis
194 2218 226 2277 in
244 2218 365 2278 comitio
379 2234 482 2277 caesus
503 2225 582 2285 erat,
604 2227 636 2277 ut
656 2219 735 2279 inter
754 2215 877 2276 verbera
895 2217 1053 2294 expiraret.
1154 2234 1155 2241 ¹

97 2291 152 2356 hoc
170 2301 254 2363 nolas
271 2319 338 2361 cum
353 2301 432 2360 inter
446 2308 504 2368 tot,
525 2307 558 2359 ut
572 2300 618 2369 fit,
637 2299 735 2360 clades
756 2300 787 2358 in
808 2298 976 2377 prodigium
989 2308 1083 2359 ver-4

95 2393 159 2440 sum
174 2394 265 2448 esset,
283 2384 443 2444 decemviri
456 2382 548 2443 libros
564 2381 645 2444 adire
659 2384 732 2443 inssi
748 2391 832 2451 sunt,
854 2401 870 2442 c
1010 2382 1016 2395 “
1040 2389 1082 2441 so
1154 2424 1155 2427 ,

95 2457 1067 2543 &dudemhmadmmmmmma-r-wsumtun-mk

99 2642 164 2697 iiam
175 2631 274 2696 lutura
289 2635 356 2695 linis
370 2636 460 2694 tantis
489 2633 516 2693 la
539 2636 545 2649 “
615 2635 628 2694 1'
732 2649 852 2694 rnterrm
865 2650 900 2693 ex
915 2632 997 2692 latai
1018 2639 1080 2692 uso

732 2698 1000 2724 Μαι-α...

99 2878 253 3026 terrahviri
273 2885 392 2946 demissi
429 2893 482 2946 ¹nt
502 2887 534 2947 in
630 2905 660 2947 m
680 2905 750 2948 saro
771 2902 877 2947 consae
898 2893 960 2946 tum
1008 2902 1024 2944 a

103 2967 167 3022 ate
204 2970 268 3027 0··
357 2976 361 2979 ·
414 2970 420 2983 ·
498 2970 536 2984 ··
866 2970 873 2984 ·
1004 3012 1010 3025 .

159 3045 281 3114 Placatis
296 3054 379 3122 satis,
396 3061 429 3112 ut
444 3051 598 3124 rebantur,
616 3053 678 3114 deis
692 3053 731 3114 M.
744 3051 881 3115 Claudius
897 3048 1081 3112 Marcellnsr

102 3121 135 3182 ab
148 3126 225 3192 Ostia
237 3135 319 3197 mille
335 3143 363 3197 et
379 3137 555 3214 quingentos
568 3136 691 3208 milites,
708 3154 781 3214 quos
794 3137 824 3195 in
842 3133 964 3194 classem
981 3135 1054 3194 scri·

103 3213 167 3298 ptos
187 3214 326 3288 habebat,
347 3219 485 3289 Romam,
506 3227 539 3281 ut
559 3220 627 3281 urbi
647 3220 792 3300 praesidio
813 3224 926 3287 essent,
949 3218 1053 3287 mittit;

102 3301 170 3363 lpse,
185 3296 299 3377 legione
320 3302 442 3363 classica
461 3335 503 3381 ,-
521 3321 556 3364 ea
577 3303 653 3382 legio
676 3306 761 3364 tertia
778 3309 841 3364 erat
859 3321 982 3363 -cum
1000 3305 1085 3363 tri-8

103 3363 185 3437 bunis
196 3383 640 3450 militum'Teauum.Sidicinu1n
652 3389 825 3467 praemissa,
841 3386 933 3449 classe
948 3386 1055 3447 tradita

104 3446 133 3512 P.
151 3458 235 3525 Furio
250 3468 334 3530 Philo
352 3468 493 3547 conlegae
513 3490 623 3551 paucos
637 3479 705 3551 post
725 3472 788 3533 dies
800 3472 958 3534 Canusium
973 3487 1055 3548 mag·
1154 3528 1155 3531 ,

1000 3728 1036 3773 ·r
