<?xml version="1.0" encoding="UTF-8"?>
<!DOCTYPE html PUBLIC "-//W3C//DTD XHTML 1.0 Transitional//EN"
    "http://www.w3.org/TR/xhtml1/DTD/xhtml1-transitional.dtd">
<html xmlns="http://www.w3.org/1999/xhtml" xml:lang="en" lang="en">
 <head>
  <title>
</title>
<meta http-equiv="Content-Type" content="text/html;charset=utf-8" />
  <meta name='ocr-system' content='tesseract 3.04.00' />
  <meta name='ocr-capabilities' content='ocr_page ocr_carea ocr_par ocr_line ocrx_word'/>
</head>
<body>
  <div class='ocr_page' id='page_1' title='image "./aburbeconditali11livygoog_0076.png"; bbox 0 0 2396 3920; ppageno 0'>
   <div class='ocr_carea' id='block_1_1' title="bbox 478 70 491 101">
    <p class='ocr_par' dir='ltr' id='par_1_1' title="bbox 478 70 491 101">
     <span class='ocr_line' id='line_1_1' title="bbox 478 70 491 101; baseline 0 0"><span class='ocrx_word' id='word_1_1' title='bbox 478 70 491 101; x_wconf 70' lang='grc' dir='ltr'>Ι</span> 
     </span>
    </p>
   </div>
   <div class='ocr_carea' id='block_1_2' title="bbox 160 187 1046 275">
    <p class='ocr_par' dir='ltr' id='par_1_2' title="bbox 160 187 1046 275">
     <span class='ocr_line' id='line_1_2' title="bbox 160 187 1046 275; baseline 0.003 -26"><span class='ocrx_word' id='word_1_2' title='bbox 160 206 262 249; x_wconf 75' lang='lat' dir='ltr'>nmen</span> <span class='ocrx_word' id='word_1_3' title='bbox 275 206 343 250; x_wconf 78' lang='lat' dir='ltr'>vni.</span> <span class='ocrx_word' id='word_1_4' title='bbox 360 206 428 249; x_wconf 75' lang='lat' dir='ltr'>cna.</span> <span class='ocrx_word' id='word_1_5' title='bbox 446 196 488 251; x_wconf 85' lang='lat'>16.</span> <span class='ocrx_word' id='word_1_6' title='bbox 508 196 549 249; x_wconf 80' lang='lat'>17.</span> <span class='ocrx_word' id='word_1_7' title='bbox 567 196 608 250; x_wconf 80' lang='lat'>18.</span> <span class='ocrx_word' id='word_1_8' title='bbox 626 187 666 271; x_wconf 84' lang='lat' dir='ltr'>[a.</span> <span class='ocrx_word' id='word_1_9' title='bbox 683 191 718 253; x_wconf 81' lang='lat' dir='ltr'>O.</span> <span class='ocrx_word' id='word_1_10' title='bbox 733 191 959 275; x_wconf 84' lang='lat'><strong>337-(333)331]</strong></span> <span class='ocrx_word' id='word_1_11' title='bbox 1004 200 1046 265; x_wconf 85' lang='grc'>67</span> 
     </span>
    </p>
   </div>
   <div class='ocr_carea' id='block_1_3' title="bbox 28 354 1121 3541">
    <p class='ocr_par' dir='ltr' id='par_1_3' title="bbox 28 354 1044 502">
     <span class='ocr_line' id='line_1_3' title="bbox 94 354 1044 436; baseline 0.006 -19"><span class='ocrx_word' id='word_1_12' title='bbox 94 373 213 436; x_wconf 82' lang='lat' dir='ltr'>agroque</span> <span class='ocrx_word' id='word_1_13' title='bbox 221 354 381 416; x_wconf 84' lang='lat' dir='ltr'>dividundo</span> <span class='ocrx_word' id='word_1_14' title='bbox 393 364 567 419; x_wconf 86' lang='lat' dir='ltr'>creaverunt</span> <span class='ocrx_word' id='word_1_15' title='bbox 574 357 734 418; x_wconf 83' lang='lat' dir='ltr'>Caesonem</span> <span class='ocrx_word' id='word_1_16' title='bbox 741 357 879 425; x_wconf 86' lang='lat' dir='ltr'>Duillium</span> <span class='ocrx_word' id='word_1_17' title='bbox 893 361 926 423; x_wconf 86' lang='grc' dir='ltr'>Τ.</span> <span class='ocrx_word' id='word_1_18' title='bbox 935 360 1044 433; x_wconf 81' lang='lat' dir='ltr'>Quinc·</span> 
     </span>
     <span class='ocr_line' id='line_1_4' title="bbox 28 438 366 502; baseline -0.006 1"><span class='ocrx_word' id='word_1_19' title='bbox 28 478 30 481; x_wconf 94' lang='lat'>-</span> <span class='ocrx_word' id='word_1_20' title='bbox 93 442 152 502; x_wconf 88' lang='lat' dir='ltr'>tium</span> <span class='ocrx_word' id='word_1_21' title='bbox 170 440 212 502; x_wconf 85' lang='grc' dir='ltr'>Μ.</span> <span class='ocrx_word' id='word_1_22' title='bbox 231 438 366 501; x_wconf 85' lang='lat' dir='ltr'>Fabium.</span> 
     </span>
    </p>

    <p class='ocr_par' dir='ltr' id='par_1_4' title="bbox 81 522 1076 1591">
     <span class='ocr_line' id='line_1_5' title="bbox 140 522 1074 590; baseline 0.002 -4"><span class='ocrx_word' id='word_1_23' title='bbox 140 524 231 586; x_wconf 85' lang='lat' dir='ltr'><strong>XVII.</strong></span> <span class='ocrx_word' id='word_1_24' title='bbox 261 523 335 584; x_wconf 85' lang='lat' dir='ltr'>Novi</span> <span class='ocrx_word' id='word_1_25' title='bbox 353 522 460 586; x_wconf 90' lang='lat' dir='ltr'>deiude</span> <span class='ocrx_word' id='word_1_26' title='bbox 483 525 620 586; x_wconf 86' lang='lat' dir='ltr'>eonsules</span> <span class='ocrx_word' id='word_1_27' title='bbox 641 545 658 587; x_wconf 85' lang='lat' dir='ltr'>a</span> <span class='ocrx_word' id='word_1_28' title='bbox 682 525 831 587; x_wconf 83' lang='lat' dir='ltr'>veteribus</span> <span class='ocrx_word' id='word_1_29' title='bbox 847 531 978 589; x_wconf 84' lang='lat' dir='ltr'>exercitu</span> <span class='ocrx_word' id='word_1_30' title='bbox 995 547 1043 590; x_wconf 88' lang='lat' dir='ltr'>oc·</span> <span class='ocrx_word' id='word_1_31' title='bbox 1060 537 1074 588; x_wconf 88' lang='lat'>1</span> 
     </span>
     <span class='ocr_line' id='line_1_6' title="bbox 87 606 1043 691; baseline 0.004 -21"><span class='ocrx_word' id='word_1_32' title='bbox 87 617 165 691; x_wconf 87' lang='lat' dir='ltr'>cepto</span> <span class='ocrx_word' id='word_1_33' title='bbox 180 607 315 686; x_wconf 84' lang='lat' dir='ltr'>Ingressi</span> <span class='ocrx_word' id='word_1_34' title='bbox 330 606 459 669; x_wconf 87' lang='lat' dir='ltr'>hostium</span> <span class='ocrx_word' id='word_1_35' title='bbox 479 607 554 669; x_wconf 87' lang='lat' dir='ltr'>flues</span> <span class='ocrx_word' id='word_1_36' title='bbox 572 607 741 689; x_wconf 89' lang='lat' dir='ltr'>populando</span> <span class='ocrx_word' id='word_1_37' title='bbox 756 626 848 690; x_wconf 88' lang='lat' dir='ltr'>nsque</span> <span class='ocrx_word' id='word_1_38' title='bbox 870 611 907 672; x_wconf 90' lang='lat' dir='ltr'>ad</span> <span class='ocrx_word' id='word_1_39' title='bbox 927 613 1043 675; x_wconf 79' lang='lat' dir='ltr'>mocula</span> 
     </span>
     <span class='ocr_line' id='line_1_7' title="bbox 84 691 1076 774; baseline -0.001 -20"><span class='ocrx_word' id='word_1_40' title='bbox 84 703 165 773; x_wconf 86' lang='lat' dir='ltr'>atque</span> <span class='ocrx_word' id='word_1_41' title='bbox 182 691 295 753; x_wconf 90' lang='lat' dir='ltr'>urbem</span> <span class='ocrx_word' id='word_1_42' title='bbox 308 699 516 770; x_wconf 80' lang='lat' dir='ltr'>pervenerunt.</span> <span class='ocrx_word' id='word_1_43' title='bbox 545 692 585 753; x_wconf 90' lang='lat' dir='ltr'>ibi</span> <span class='ocrx_word' id='word_1_44' title='bbox 600 695 668 774; x_wconf 90' lang='lat' dir='ltr'>quia</span> <span class='ocrx_word' id='word_1_45' title='bbox 684 695 798 773; x_wconf 81' lang='lat' dir='ltr'>ingenti</span> <span class='ocrx_word' id='word_1_46' title='bbox 819 697 948 757; x_wconf 82' lang='lat' dir='ltr'>exercitu</span> <span class='ocrx_word' id='word_1_47' title='bbox 972 714 1041 757; x_wconf 89' lang='lat' dir='ltr'>con·</span> <span class='ocrx_word' id='word_1_48' title='bbox 1059 705 1076 753; x_wconf 81' lang='lat'>2</span> 
     </span>
     <span class='ocr_line' id='line_1_8' title="bbox 81 774 1043 858; baseline 0.002 -20"><span class='ocrx_word' id='word_1_49' title='bbox 81 784 180 858; x_wconf 89' lang='lat' dir='ltr'>parato</span> <span class='ocrx_word' id='word_1_50' title='bbox 203 774 330 838; x_wconf 84' lang='lat' dir='ltr'>Sidicini</span> <span class='ocrx_word' id='word_1_51' title='bbox 351 782 380 835; x_wconf 93' lang='lat' dir='ltr'>et</span> <span class='ocrx_word' id='word_1_52' title='bbox 401 776 456 855; x_wconf 91' lang='lat' dir='ltr'>ipsi</span> <span class='ocrx_word' id='word_1_53' title='bbox 477 793 532 856; x_wconf 93' lang='lat' dir='ltr'>pro</span> <span class='ocrx_word' id='word_1_54' title='bbox 553 785 685 839; x_wconf 82' lang='lat' dir='ltr'>extrema</span> <span class='ocrx_word' id='word_1_55' title='bbox 705 796 757 858; x_wconf 87' lang='lat' dir='ltr'>spe</span> <span class='ocrx_word' id='word_1_56' title='bbox 776 776 942 840; x_wconf 80' lang='lat' dir='ltr'>dimicaturi</span> <span class='ocrx_word' id='word_1_57' title='bbox 958 781 1043 841; x_wconf 87' lang='lat' dir='ltr'>enixe</span> 
     </span>
     <span class='ocr_line' id='line_1_9' title="bbox 82 859 1076 931; baseline 0.001 -10"><span class='ocrx_word' id='word_1_58' title='bbox 82 860 274 930; x_wconf 82' lang='lat' dir='ltr'>ridebantur,</span> <span class='ocrx_word' id='word_1_59' title='bbox 291 865 321 919; x_wconf 92' lang='lat' dir='ltr'>et</span> <span class='ocrx_word' id='word_1_60' title='bbox 331 859 482 921; x_wconf 88' lang='lat' dir='ltr'>Samnium</span> <span class='ocrx_word' id='word_1_61' title='bbox 497 859 575 923; x_wconf 88' lang='lat' dir='ltr'>lama</span> <span class='ocrx_word' id='word_1_62' title='bbox 587 870 650 923; x_wconf 89' lang='lat' dir='ltr'>erat</span> <span class='ocrx_word' id='word_1_63' title='bbox 664 862 775 923; x_wconf 92' lang='lat' dir='ltr'>conciri</span> <span class='ocrx_word' id='word_1_64' title='bbox 787 862 822 923; x_wconf 85' lang='lat' dir='ltr'>ad</span> <span class='ocrx_word' id='word_1_65' title='bbox 838 861 964 931; x_wconf 86' lang='lat' dir='ltr'>bellum,</span> <span class='ocrx_word' id='word_1_66' title='bbox 984 864 1044 923; x_wconf 90' lang='lat' dir='ltr'>dic·</span> <span class='ocrx_word' id='word_1_67' title='bbox 1059 870 1076 922; x_wconf 85' lang='lat'><strong>3</strong></span> 
     </span>
     <span class='ocr_line' id='line_1_10' title="bbox 82 941 1042 1007; baseline -0.001 -1"><span class='ocrx_word' id='word_1_68' title='bbox 82 953 154 1007; x_wconf 87' lang='lat' dir='ltr'>tator</span> <span class='ocrx_word' id='word_1_69' title='bbox 171 944 211 1007; x_wconf 91' lang='lat' dir='ltr'>ab</span> <span class='ocrx_word' id='word_1_70' title='bbox 230 941 403 1004; x_wconf 84' lang='lat' dir='ltr'>consulibus</span> <span class='ocrx_word' id='word_1_71' title='bbox 423 961 459 1005; x_wconf 85' lang='lat' dir='ltr'>ex</span> <span class='ocrx_word' id='word_1_72' title='bbox 481 946 653 1007; x_wconf 89' lang='lat' dir='ltr'>anctoritate</span> <span class='ocrx_word' id='word_1_73' title='bbox 674 952 793 1007; x_wconf 88' lang='lat' dir='ltr'>senatus</span> <span class='ocrx_word' id='word_1_74' title='bbox 814 945 909 1007; x_wconf 91' lang='lat' dir='ltr'>dictus</span> <span class='ocrx_word' id='word_1_75' title='bbox 922 944 955 1005; x_wconf 90' lang='lat' dir='ltr'>P.</span> <span class='ocrx_word' id='word_1_76' title='bbox 972 945 1042 1007; x_wconf 80' lang='lat' dir='ltr'>Cor·</span> 
     </span>
     <span class='ocr_line' id='line_1_11' title="bbox 82 1027 1074 1109; baseline -0.003 -19"><span class='ocrx_word' id='word_1_77' title='bbox 82 1030 174 1092; x_wconf 89' lang='lat' dir='ltr'>uelins</span> <span class='ocrx_word' id='word_1_78' title='bbox 195 1027 339 1097; x_wconf 84' lang='lat' dir='ltr'>Rufinus,</span> <span class='ocrx_word' id='word_1_79' title='bbox 367 1028 507 1106; x_wconf 79' lang='lat' dir='ltr'>magIster</span> <span class='ocrx_word' id='word_1_80' title='bbox 534 1030 664 1109; x_wconf 85' lang='lat' dir='ltr'>equiturn</span> <span class='ocrx_word' id='word_1_81' title='bbox 682 1031 720 1092; x_wconf 88' lang='lat' dir='ltr'>M.</span> <span class='ocrx_word' id='word_1_82' title='bbox 742 1031 897 1092; x_wconf 76' lang='lat' dir='ltr'>Antonins.</span> <span class='ocrx_word' id='word_1_83' title='bbox 938 1029 1074 1108; x_wconf 78' lang='lat' dir='ltr'>rebgiot</span> 
     </span>
     <span class='ocr_line' id='line_1_12' title="bbox 83 1111 1044 1194; baseline -0.001 -20"><span class='ocrx_word' id='word_1_84' title='bbox 83 1112 187 1177; x_wconf 88' lang='lat' dir='ltr'>deinde</span> <span class='ocrx_word' id='word_1_85' title='bbox 209 1112 332 1174; x_wconf 79' lang='lat' dir='ltr'>incessit</span> <span class='ocrx_word' id='word_1_86' title='bbox 350 1111 419 1172; x_wconf 85' lang='lat' dir='ltr'>villo</span> <span class='ocrx_word' id='word_1_87' title='bbox 442 1129 494 1173; x_wconf 91' lang='lat' dir='ltr'>eos</span> <span class='ocrx_word' id='word_1_88' title='bbox 514 1120 643 1184; x_wconf 84' lang='lat' dir='ltr'>creatos,</span> <span class='ocrx_word' id='word_1_89' title='bbox 666 1116 897 1194; x_wconf 79' lang='lat' dir='ltr'>magistratuque</span> <span class='ocrx_word' id='word_1_90' title='bbox 914 1132 946 1176; x_wconf 91' lang='lat' dir='ltr'>se</span> <span class='ocrx_word' id='word_1_91' title='bbox 961 1113 1044 1174; x_wconf 91' lang='lat' dir='ltr'>abdi-</span> 
     </span>
     <span class='ocr_line' id='line_1_13' title="bbox 84 1194 1043 1276; baseline -0.001 -17"><span class='ocrx_word' id='word_1_92' title='bbox 84 1203 238 1265; x_wconf 81' lang='lat' dir='ltr'>caverunt;</span> <span class='ocrx_word' id='word_1_93' title='bbox 264 1202 294 1257; x_wconf 91' lang='lat' dir='ltr'>et</span> <span class='ocrx_word' id='word_1_94' title='bbox 311 1195 377 1275; x_wconf 90' lang='lat' dir='ltr'>qnia</span> <span class='ocrx_word' id='word_1_95' title='bbox 398 1194 564 1276; x_wconf 79' lang='lat' dir='ltr'>pestilentia</span> <span class='ocrx_word' id='word_1_96' title='bbox 581 1198 714 1259; x_wconf 87' lang='lat' dir='ltr'>insecuta</span> <span class='ocrx_word' id='word_1_97' title='bbox 731 1207 790 1272; x_wconf 87' lang='lat' dir='ltr'>est,</span> <span class='ocrx_word' id='word_1_98' title='bbox 812 1197 892 1260; x_wconf 87' lang='lat' dir='ltr'>velut</span> <span class='ocrx_word' id='word_1_99' title='bbox 906 1197 1043 1260; x_wconf 91' lang='lat' dir='ltr'>omuibus</span> 
     </span>
     <span class='ocr_line' id='line_1_14' title="bbox 85 1280 1074 1362; baseline -0.001 -20"><span class='ocrx_word' id='word_1_100' title='bbox 85 1299 119 1342; x_wconf 89' lang='lat' dir='ltr'>eo</span> <span class='ocrx_word' id='word_1_101' title='bbox 133 1283 204 1343; x_wconf 85' lang='lat' dir='ltr'>vitio</span> <span class='ocrx_word' id='word_1_102' title='bbox 219 1280 364 1342; x_wconf 89' lang='lat' dir='ltr'>contactis</span> <span class='ocrx_word' id='word_1_103' title='bbox 379 1280 518 1360; x_wconf 86' lang='lat' dir='ltr'>auspiciis</span> <span class='ocrx_word' id='word_1_104' title='bbox 539 1299 589 1342; x_wconf 91' lang='lat' dir='ltr'>res</span> <span class='ocrx_word' id='word_1_105' title='bbox 604 1283 641 1343; x_wconf 89' lang='lat' dir='ltr'>ad</span> <span class='ocrx_word' id='word_1_106' title='bbox 656 1283 861 1362; x_wconf 78' lang='lat' dir='ltr'>interregnum</span> <span class='ocrx_word' id='word_1_107' title='bbox 874 1283 972 1345; x_wconf 88' lang='lat' dir='ltr'>rediit.</span> <span class='ocrx_word' id='word_1_108' title='bbox 1007 1282 1042 1343; x_wconf 90' lang='lat' dir='ltr'>ab</span> <span class='ocrx_word' id='word_1_109' title='bbox 1058 1290 1074 1340; x_wconf 82' lang='lat' dir='ltr'>o</span> 
     </span>
     <span class='ocr_line' id='line_1_15' title="bbox 85 1364 1041 1444; baseline -0.002 -18"><span class='ocrx_word' id='word_1_110' title='bbox 85 1367 258 1443; x_wconf 88' lang='lat' dir='ltr'>interregno</span> <span class='ocrx_word' id='word_1_111' title='bbox 273 1364 351 1434; x_wconf 81' lang='lat' dir='ltr'>Inito</span> <span class='ocrx_word' id='word_1_112' title='bbox 361 1381 416 1442; x_wconf 90' lang='lat' dir='ltr'>per</span> <span class='ocrx_word' id='word_1_113' title='bbox 427 1365 560 1444; x_wconf 87' lang='lat' dir='ltr'>quintum</span> <span class='ocrx_word' id='word_1_114' title='bbox 578 1365 696 1426; x_wconf 87' lang='lat' dir='ltr'>demum</span> <span class='ocrx_word' id='word_1_115' title='bbox 710 1367 891 1444; x_wconf 88' lang='lat' dir='ltr'>interregem</span> <span class='ocrx_word' id='word_1_116' title='bbox 903 1367 941 1428; x_wconf 88' lang='grc' dir='ltr'>Μ.</span> <span class='ocrx_word' id='word_1_117' title='bbox 956 1365 1041 1425; x_wconf 89' lang='lat' dir='ltr'>Vale-</span> 
     </span>
     <span class='ocr_line' id='line_1_16' title="bbox 87 1447 1043 1591; baseline -0.003 -81"><span class='ocrx_word' id='word_1_118' title='bbox 87 1450 166 1591; x_wconf 57' lang='lat' dir='ltr'>ddum</span> <span class='ocrx_word' id='word_1_119' title='bbox 184 1449 309 1510; x_wconf 82' lang='lat' dir='ltr'>Corvum</span> <span class='ocrx_word' id='word_1_120' title='bbox 330 1448 422 1509; x_wconf 90' lang='lat' dir='ltr'>creati</span> <span class='ocrx_word' id='word_1_121' title='bbox 446 1447 583 1510; x_wconf 87' lang='lat' dir='ltr'>consules</span> <span class='ocrx_word' id='word_1_122' title='bbox 596 1451 629 1509; x_wconf 80' lang='lat' dir='ltr'>t.</span> <span class='ocrx_word' id='word_1_123' title='bbox 648 1447 803 1509; x_wconf 85' lang='lat' dir='ltr'>Cornelius</span> <span class='ocrx_word' id='word_1_124' title='bbox 820 1450 929 1510; x_wconf 88' lang='lat' dir='ltr'>iterum</span> <span class='ocrx_word' id='word_1_125' title='bbox 944 1456 974 1509; x_wconf 87' lang='lat' dir='ltr'>et</span> <span class='ocrx_word' id='word_1_126' title='bbox 992 1448 1043 1508; x_wconf 85' lang='lat' dir='ltr'>Cn.</span> 
     </span>
    </p>

    <p class='ocr_par' dir='ltr' id='par_1_5' title="bbox 117 1532 242 1592">
     <span class='ocr_line' id='line_1_17' title="bbox 117 1532 242 1592; baseline 0.008 -2"><span class='ocrx_word' id='word_1_127' title='bbox 117 1532 242 1592; x_wconf 87' lang='lat' dir='ltr'>omitius.</span> 
     </span>
    </p>

    <p class='ocr_par' dir='ltr' id='par_1_6' title="bbox 79 1610 1114 3124">
     <span class='ocr_line' id='line_1_18' title="bbox 154 1610 1077 1695; baseline -0.007 -18"><span class='ocrx_word' id='word_1_128' title='bbox 154 1614 328 1695; x_wconf 81' lang='lat' dir='ltr'>Tranquillis</span> <span class='ocrx_word' id='word_1_129' title='bbox 342 1612 433 1679; x_wconf 91' lang='lat' dir='ltr'>rebus</span> <span class='ocrx_word' id='word_1_130' title='bbox 449 1614 526 1677; x_wconf 89' lang='lat' dir='ltr'>lama</span> <span class='ocrx_word' id='word_1_131' title='bbox 538 1613 642 1677; x_wconf 84' lang='lat' dir='ltr'>Gallici</span> <span class='ocrx_word' id='word_1_132' title='bbox 656 1611 727 1675; x_wconf 88' lang='lat' dir='ltr'>belli</span> <span class='ocrx_word' id='word_1_133' title='bbox 740 1632 795 1693; x_wconf 92' lang='lat' dir='ltr'>pro</span> <span class='ocrx_word' id='word_1_134' title='bbox 807 1610 935 1674; x_wconf 88' lang='lat' dir='ltr'>tumultu</span> <span class='ocrx_word' id='word_1_135' title='bbox 945 1612 1043 1684; x_wconf 86' lang='lat' dir='ltr'>valuit,</span> <span class='ocrx_word' id='word_1_136' title='bbox 1059 1619 1077 1671; x_wconf 83' lang='lat' dir='ltr'>o</span> 
     </span>
     <span class='ocr_line' id='line_1_19' title="bbox 86 1696 1045 1778; baseline -0.004 -16"><span class='ocrx_word' id='word_1_137' title='bbox 86 1706 118 1762; x_wconf 89' lang='lat' dir='ltr'>nt</span> <span class='ocrx_word' id='word_1_138' title='bbox 132 1708 161 1762; x_wconf 90' lang='lat' dir='ltr'>et</span> <span class='ocrx_word' id='word_1_139' title='bbox 178 1698 353 1761; x_wconf 88' lang='lat' dir='ltr'>dictatorem</span> <span class='ocrx_word' id='word_1_140' title='bbox 364 1698 423 1759; x_wconf 92' lang='lat' dir='ltr'>dici</span> <span class='ocrx_word' id='word_1_141' title='bbox 439 1699 580 1778; x_wconf 89' lang='lat' dir='ltr'>placeret.</span> <span class='ocrx_word' id='word_1_142' title='bbox 607 1698 702 1759; x_wconf 84' lang='lat' dir='ltr'>dIctus</span> <span class='ocrx_word' id='word_1_143' title='bbox 715 1698 753 1760; x_wconf 84' lang='lat' dir='ltr'>n.</span> <span class='ocrx_word' id='word_1_144' title='bbox 770 1697 906 1777; x_wconf 90' lang='lat' dir='ltr'>Papirius</span> <span class='ocrx_word' id='word_1_145' title='bbox 923 1696 1045 1758; x_wconf 84' lang='lat' dir='ltr'>Crassus</span> 
     </span>
     <span class='ocr_line' id='line_1_20' title="bbox 85 1780 1074 1864; baseline -0.007 -18"><span class='ocrx_word' id='word_1_146' title='bbox 85 1793 114 1846; x_wconf 88' lang='lat' dir='ltr'>et</span> <span class='ocrx_word' id='word_1_147' title='bbox 127 1784 272 1864; x_wconf 85' lang='lat' dir='ltr'>magister</span> <span class='ocrx_word' id='word_1_148' title='bbox 285 1784 418 1862; x_wconf 91' lang='lat' dir='ltr'>equitum</span> <span class='ocrx_word' id='word_1_149' title='bbox 433 1782 465 1843; x_wconf 91' lang='lat' dir='ltr'>P.</span> <span class='ocrx_word' id='word_1_150' title='bbox 482 1782 616 1844; x_wconf 87' lang='lat' dir='ltr'>Valerius</span> <span class='ocrx_word' id='word_1_151' title='bbox 631 1781 792 1844; x_wconf 83' lang='lat' dir='ltr'>PubIIcola.</span> <span class='ocrx_word' id='word_1_152' title='bbox 820 1802 837 1844; x_wconf 87' lang='lat' dir='ltr'>u</span> <span class='ocrx_word' id='word_1_153' title='bbox 854 1780 961 1861; x_wconf 92' lang='lat' dir='ltr'>quibus</span> <span class='ocrx_word' id='word_1_154' title='bbox 977 1799 1043 1843; x_wconf 89' lang='lat' dir='ltr'>cum</span> <span class='ocrx_word' id='word_1_155' title='bbox 1059 1790 1074 1839; x_wconf 84' lang='lat'>7</span> 
     </span>
     <span class='ocr_line' id='line_1_21' title="bbox 86 1864 1043 1947; baseline -0.001 -19"><span class='ocrx_word' id='word_1_156' title='bbox 86 1868 208 1930; x_wconf 86' lang='lat' dir='ltr'>dilectus</span> <span class='ocrx_word' id='word_1_157' title='bbox 225 1869 368 1928; x_wconf 86' lang='lat' dir='ltr'>intentius</span> <span class='ocrx_word' id='word_1_158' title='bbox 383 1885 471 1947; x_wconf 92' lang='lat' dir='ltr'>quam</span> <span class='ocrx_word' id='word_1_159' title='bbox 486 1865 625 1928; x_wconf 88' lang='lat' dir='ltr'>adversus</span> <span class='ocrx_word' id='word_1_160' title='bbox 642 1867 764 1928; x_wconf 84' lang='lat' dir='ltr'>finitima</span> <span class='ocrx_word' id='word_1_161' title='bbox 782 1864 860 1928; x_wconf 89' lang='lat' dir='ltr'>bella</span> <span class='ocrx_word' id='word_1_162' title='bbox 874 1865 1043 1936; x_wconf 82' lang='lat' dir='ltr'>haberetur,</span> 
     </span>
     <span class='ocr_line' id='line_1_22' title="bbox 84 1949 1045 2033; baseline -0.002 -20"><span class='ocrx_word' id='word_1_163' title='bbox 84 1951 287 2033; x_wconf 82' lang='lat' dir='ltr'>exploratores</span> <span class='ocrx_word' id='word_1_164' title='bbox 313 1952 394 2012; x_wconf 92' lang='lat' dir='ltr'>missi</span> <span class='ocrx_word' id='word_1_165' title='bbox 415 1949 588 2024; x_wconf 89' lang='lat' dir='ltr'>attulerunt,</span> <span class='ocrx_word' id='word_1_166' title='bbox 614 1952 712 2031; x_wconf 90' lang='lat' dir='ltr'>quieta</span> <span class='ocrx_word' id='word_1_167' title='bbox 727 1952 826 2012; x_wconf 91' lang='lat' dir='ltr'>omnia</span> <span class='ocrx_word' id='word_1_168' title='bbox 845 1951 923 2029; x_wconf 93' lang='lat' dir='ltr'>apud</span> <span class='ocrx_word' id='word_1_169' title='bbox 947 1949 1045 2011; x_wconf 86' lang='lat' dir='ltr'>Gallos</span> 
     </span>
     <span class='ocr_line' id='line_1_23' title="bbox 83 2034 1076 2114; baseline -0.009 -15"><span class='ocrx_word' id='word_1_170' title='bbox 83 2054 155 2099; x_wconf 87' lang='lat' dir='ltr'>esse.</span> <span class='ocrx_word' id='word_1_171' title='bbox 194 2035 348 2096; x_wconf 81' lang='lat' dir='ltr'>SamnIum</span> <span class='ocrx_word' id='word_1_172' title='bbox 360 2053 476 2114; x_wconf 92' lang='lat' dir='ltr'>quoque</span> <span class='ocrx_word' id='word_1_173' title='bbox 491 2035 550 2095; x_wconf 85' lang='lat' dir='ltr'>iam</span> <span class='ocrx_word' id='word_1_174' title='bbox 566 2034 690 2096; x_wconf 90' lang='lat' dir='ltr'>alterum</span> <span class='ocrx_word' id='word_1_175' title='bbox 706 2053 816 2096; x_wconf 90' lang='lat' dir='ltr'>annum</span> <span class='ocrx_word' id='word_1_176' title='bbox 832 2034 946 2095; x_wconf 89' lang='lat' dir='ltr'>turbari</span> <span class='ocrx_word' id='word_1_177' title='bbox 962 2035 1045 2094; x_wconf 83' lang='lat' dir='ltr'>uovIs</span> <span class='ocrx_word' id='word_1_178' title='bbox 1059 2039 1076 2090; x_wconf 86' lang='lat'>8</span> 
     </span>
     <span class='ocr_line' id='line_1_24' title="bbox 82 2117 1045 2200; baseline -0.006 -18"><span class='ocrx_word' id='word_1_179' title='bbox 82 2119 217 2182; x_wconf 81' lang='lat' dir='ltr'>consiliIs</span> <span class='ocrx_word' id='word_1_180' title='bbox 237 2125 407 2200; x_wconf 87' lang='lat' dir='ltr'>suspectum</span> <span class='ocrx_word' id='word_1_181' title='bbox 429 2125 508 2179; x_wconf 86' lang='lat' dir='ltr'>erat:</span> <span class='ocrx_word' id='word_1_182' title='bbox 538 2136 572 2179; x_wconf 90' lang='lat' dir='ltr'>eo</span> <span class='ocrx_word' id='word_1_183' title='bbox 595 2137 632 2179; x_wconf 84' lang='lat' dir='ltr'>ex</span> <span class='ocrx_word' id='word_1_184' title='bbox 651 2136 724 2198; x_wconf 91' lang='lat' dir='ltr'>agro</span> <span class='ocrx_word' id='word_1_185' title='bbox 745 2120 875 2180; x_wconf 89' lang='lat' dir='ltr'>Sidicino</span> <span class='ocrx_word' id='word_1_186' title='bbox 898 2117 1045 2177; x_wconf 83' lang='lat' dir='ltr'>exercitus</span> 
     </span>
     <span class='ocr_line' id='line_1_25' title="bbox 80 2197 1077 2267; baseline -0.009 0"><span class='ocrx_word' id='word_1_187' title='bbox 80 2204 237 2267; x_wconf 81' lang='lat' dir='ltr'>Romanus</span> <span class='ocrx_word' id='word_1_188' title='bbox 254 2220 314 2263; x_wconf 91' lang='lat' dir='ltr'>non</span> <span class='ocrx_word' id='word_1_189' title='bbox 336 2202 497 2263; x_wconf 79' lang='lat' dir='ltr'>deductus.</span> <span class='ocrx_word' id='word_1_190' title='bbox 526 2209 656 2264; x_wconf 86' lang='lat' dir='ltr'>ceterum</span> <span class='ocrx_word' id='word_1_191' title='bbox 678 2203 825 2264; x_wconf 89' lang='lat' dir='ltr'>Samnites</span> <span class='ocrx_word' id='word_1_192' title='bbox 843 2200 954 2261; x_wconf 90' lang='lat' dir='ltr'>bellum</span> <span class='ocrx_word' id='word_1_193' title='bbox 978 2197 1077 2260; x_wconf 73' lang='lat' dir='ltr'>Ale-9</span> 
     </span>
     <span class='ocr_line' id='line_1_26' title="bbox 80 2282 1046 2368; baseline -0.009 -18"><span class='ocrx_word' id='word_1_194' title='bbox 80 2289 192 2352; x_wconf 83' lang='lat' dir='ltr'>xandri</span> <span class='ocrx_word' id='word_1_195' title='bbox 205 2285 358 2368; x_wconf 83' lang='lat' dir='ltr'>Epirensis</span> <span class='ocrx_word' id='word_1_196' title='bbox 372 2288 405 2346; x_wconf 88' lang='lat' dir='ltr'>in</span> <span class='ocrx_word' id='word_1_197' title='bbox 419 2285 554 2348; x_wconf 87' lang='lat' dir='ltr'>Lucanos</span> <span class='ocrx_word' id='word_1_198' title='bbox 569 2288 671 2357; x_wconf 78' lang='lat' dir='ltr'>traxit,</span> <span class='ocrx_word' id='word_1_199' title='bbox 687 2288 739 2367; x_wconf 91' lang='lat' dir='ltr'>qui</span> <span class='ocrx_word' id='word_1_200' title='bbox 753 2284 810 2346; x_wconf 91' lang='lat' dir='ltr'>duo</span> <span class='ocrx_word' id='word_1_201' title='bbox 826 2282 928 2365; x_wconf 90' lang='lat' dir='ltr'>populi</span> <span class='ocrx_word' id='word_1_202' title='bbox 942 2282 1046 2344; x_wconf 88' lang='lat' dir='ltr'>adver-</span> 
     </span>
     <span class='ocr_line' id='line_1_27' title="bbox 79 2365 1046 2450; baseline -0.012 -12"><span class='ocrx_word' id='word_1_203' title='bbox 79 2392 130 2439; x_wconf 80' lang='lat' dir='ltr'>sus</span> <span class='ocrx_word' id='word_1_204' title='bbox 141 2388 252 2450; x_wconf 87' lang='lat' dir='ltr'>regam</span> <span class='ocrx_word' id='word_1_205' title='bbox 267 2371 469 2431; x_wconf 88' lang='lat' dir='ltr'>escensionem</span> <span class='ocrx_word' id='word_1_206' title='bbox 486 2387 502 2430; x_wconf 91' lang='lat' dir='ltr'>a</span> <span class='ocrx_word' id='word_1_207' title='bbox 517 2370 621 2431; x_wconf 88' lang='lat' dir='ltr'>Paesto</span> <span class='ocrx_word' id='word_1_208' title='bbox 638 2370 795 2432; x_wconf 79' lang='lat' dir='ltr'>facientem</span> <span class='ocrx_word' id='word_1_209' title='bbox 811 2369 904 2447; x_wconf 83' lang='lat' dir='ltr'>signis</span> <span class='ocrx_word' id='word_1_210' title='bbox 922 2365 1046 2428; x_wconf 89' lang='lat' dir='ltr'>conlatis</span> 
     </span>
     <span class='ocr_line' id='line_1_28' title="bbox 79 2452 1089 2538; baseline -0.011 -20"><span class='ocrx_word' id='word_1_211' title='bbox 79 2462 300 2538; x_wconf 87' lang='lat' dir='ltr'>pugnaverunt.</span> <span class='ocrx_word' id='word_1_212' title='bbox 324 2471 360 2513; x_wconf 94' lang='lat' dir='ltr'>eo</span> <span class='ocrx_word' id='word_1_213' title='bbox 372 2455 532 2515; x_wconf 83' lang='lat' dir='ltr'>certamine</span> <span class='ocrx_word' id='word_1_214' title='bbox 544 2455 679 2532; x_wconf 89' lang='lat' dir='ltr'>superior</span> <span class='ocrx_word' id='word_1_215' title='bbox 689 2452 870 2521; x_wconf 82' lang='lat' dir='ltr'>Alexander,</span> <span class='ocrx_word' id='word_1_216' title='bbox 886 2452 1042 2521; x_wconf 84' lang='lat' dir='ltr'>Incertum,</span> <span class='ocrx_word' id='word_1_217' title='bbox 1056 2456 1089 2508; x_wconf 89' lang='lat'>10</span> 
     </span>
     <span class='ocr_line' id='line_1_29' title="bbox 79 2537 1045 2622; baseline -0.01 -20"><span class='ocrx_word' id='word_1_218' title='bbox 79 2537 216 2622; x_wconf 83' lang='lat' dir='ltr'>quotide</span> <span class='ocrx_word' id='word_1_219' title='bbox 231 2537 378 2609; x_wconf 84' lang='lat' dir='ltr'>culturus,</span> <span class='ocrx_word' id='word_1_220' title='bbox 395 2538 421 2599; x_wconf 89' lang='lat' dir='ltr'>si</span> <span class='ocrx_word' id='word_1_221' title='bbox 437 2537 562 2618; x_wconf 87' lang='lat' dir='ltr'>periude</span> <span class='ocrx_word' id='word_1_222' title='bbox 577 2544 675 2596; x_wconf 89' lang='lat' dir='ltr'>cetera</span> <span class='ocrx_word' id='word_1_223' title='bbox 697 2538 925 2614; x_wconf 84' lang='lat' dir='ltr'>processissent,</span> <span class='ocrx_word' id='word_1_224' title='bbox 940 2551 1045 2611; x_wconf 90' lang='lat' dir='ltr'>pacem</span> 
     </span>
     <span class='ocr_line' id='line_1_30' title="bbox 80 2616 1086 2693; baseline -0.013 -8"><span class='ocrx_word' id='word_1_225' title='bbox 80 2643 151 2687; x_wconf 88' lang='lat' dir='ltr'>cum</span> <span class='ocrx_word' id='word_1_226' title='bbox 165 2623 310 2686; x_wconf 84' lang='lat' dir='ltr'>Romanis</span> <span class='ocrx_word' id='word_1_227' title='bbox 325 2622 404 2683; x_wconf 88' lang='lat' dir='ltr'>iecit.</span> <span class='ocrx_word' id='word_1_228' title='bbox 420 2655 463 2666; x_wconf 93' lang='lat'><em>-</em></span> <span class='ocrx_word' id='word_1_229' title='bbox 477 2619 588 2680; x_wconf 85' lang='lat' dir='ltr'>Eodem</span> <span class='ocrx_word' id='word_1_230' title='bbox 605 2636 682 2679; x_wconf 90' lang='lat' dir='ltr'>anno</span> <span class='ocrx_word' id='word_1_231' title='bbox 699 2635 805 2678; x_wconf 90' lang='lat' dir='ltr'>census</span> <span class='ocrx_word' id='word_1_232' title='bbox 820 2623 903 2677; x_wconf 89' lang='lat' dir='ltr'>actus</span> <span class='ocrx_word' id='word_1_233' title='bbox 918 2616 1044 2693; x_wconf 77' lang='lat' dir='ltr'>novique</span> <span class='ocrx_word' id='word_1_234' title='bbox 1057 2621 1086 2672; x_wconf 88' lang='lat'>11</span> 
     </span>
     <span class='ocr_line' id='line_1_31' title="bbox 81 2698 1046 2785; baseline -0.009 -17"><span class='ocrx_word' id='word_1_235' title='bbox 81 2711 163 2770; x_wconf 86' lang='lat' dir='ltr'>cives</span> <span class='ocrx_word' id='word_1_236' title='bbox 177 2708 270 2768; x_wconf 87' lang='lat' dir='ltr'>censi.</span> <span class='ocrx_word' id='word_1_237' title='bbox 303 2705 399 2766; x_wconf 88' lang='lat' dir='ltr'>tribus</span> <span class='ocrx_word' id='word_1_238' title='bbox 411 2711 534 2785; x_wconf 91' lang='lat' dir='ltr'>propter</span> <span class='ocrx_word' id='word_1_239' title='bbox 549 2721 600 2764; x_wconf 91' lang='lat' dir='ltr'>eos</span> <span class='ocrx_word' id='word_1_240' title='bbox 617 2701 732 2763; x_wconf 87' lang='lat' dir='ltr'>additae</span> <span class='ocrx_word' id='word_1_241' title='bbox 746 2701 857 2762; x_wconf 80' lang='lat' dir='ltr'>MaecIa</span> <span class='ocrx_word' id='word_1_242' title='bbox 874 2706 904 2760; x_wconf 90' lang='lat' dir='ltr'>et</span> <span class='ocrx_word' id='word_1_243' title='bbox 920 2698 1046 2776; x_wconf 87' lang='lat' dir='ltr'>Scaptia.</span> 
     </span>
     <span class='ocr_line' id='line_1_32' title="bbox 82 2783 1045 2865; baseline -0.011 -12"><span class='ocrx_word' id='word_1_244' title='bbox 82 2808 228 2854; x_wconf 87' lang='lat' dir='ltr'>censores</span> <span class='ocrx_word' id='word_1_245' title='bbox 255 2790 432 2852; x_wconf 86' lang='lat' dir='ltr'>addiderunt</span> <span class='ocrx_word' id='word_1_246' title='bbox 456 2788 491 2860; x_wconf 82' lang='lat' dir='ltr'>Q.</span> <span class='ocrx_word' id='word_1_247' title='bbox 516 2786 658 2849; x_wconf 85' lang='lat' dir='ltr'>Publilius</span> <span class='ocrx_word' id='word_1_248' title='bbox 684 2785 769 2848; x_wconf 87' lang='lat' dir='ltr'>Phliu</span> <span class='ocrx_word' id='word_1_249' title='bbox 796 2786 846 2865; x_wconf 90' lang='lat' dir='ltr'>Sp.</span> <span class='ocrx_word' id='word_1_250' title='bbox 868 2783 1045 2846; x_wconf 88' lang='lat' dir='ltr'>Postumius.</span> 
     </span>
     <span class='ocr_line' id='line_1_33' title="bbox 81 2867 1089 2951; baseline -0.014 -13"><span class='ocrx_word' id='word_1_251' title='bbox 81 2876 212 2939; x_wconf 82' lang='lat' dir='ltr'>Romani</span> <span class='ocrx_word' id='word_1_252' title='bbox 235 2874 306 2936; x_wconf 89' lang='lat' dir='ltr'>iacti</span> <span class='ocrx_word' id='word_1_253' title='bbox 325 2874 466 2934; x_wconf 75' lang='lat' dir='ltr'>Acerrani</span> <span class='ocrx_word' id='word_1_254' title='bbox 482 2870 547 2951; x_wconf 91' lang='lat' dir='ltr'>lege</span> <span class='ocrx_word' id='word_1_255' title='bbox 567 2871 603 2934; x_wconf 90' lang='lat' dir='ltr'>ab</span> <span class='ocrx_word' id='word_1_256' title='bbox 623 2871 657 2933; x_wconf 89' lang='lat' dir='ltr'>L.</span> <span class='ocrx_word' id='word_1_257' title='bbox 678 2871 796 2951; x_wconf 89' lang='lat' dir='ltr'>Papirio</span> <span class='ocrx_word' id='word_1_258' title='bbox 818 2876 956 2950; x_wconf 87' lang='lat' dir='ltr'>praetore</span> <span class='ocrx_word' id='word_1_259' title='bbox 977 2867 1089 2936; x_wconf 80' lang='lat' dir='ltr'>lata,12</span> 
     </span>
     <span class='ocr_line' id='line_1_34' title="bbox 82 2950 1045 3041; baseline -0.011 -20"><span class='ocrx_word' id='word_1_260' title='bbox 82 2980 144 3041; x_wconf 91' lang='lat' dir='ltr'>qna</span> <span class='ocrx_word' id='word_1_261' title='bbox 160 2960 263 3020; x_wconf 81' lang='lat' dir='ltr'>civitas</span> <span class='ocrx_word' id='word_1_262' title='bbox 283 2959 347 3020; x_wconf 90' lang='lat' dir='ltr'>sine</span> <span class='ocrx_word' id='word_1_263' title='bbox 366 2956 504 3035; x_wconf 81' lang='lat' dir='ltr'>suffragio</span> <span class='ocrx_word' id='word_1_264' title='bbox 525 2957 601 3018; x_wconf 89' lang='lat' dir='ltr'>data.</span> <span class='ocrx_word' id='word_1_265' title='bbox 629 2956 703 3018; x_wconf 86' lang='lat' dir='ltr'>haec</span> <span class='ocrx_word' id='word_1_266' title='bbox 720 2974 755 3016; x_wconf 92' lang='lat' dir='ltr'>eo</span> <span class='ocrx_word' id='word_1_267' title='bbox 773 2972 850 3017; x_wconf 92' lang='lat' dir='ltr'>anno</span> <span class='ocrx_word' id='word_1_268' title='bbox 869 2953 949 3014; x_wconf 90' lang='lat' dir='ltr'>domi</span> <span class='ocrx_word' id='word_1_269' title='bbox 970 2950 1045 3011; x_wconf 89' lang='lat' dir='ltr'>mili-</span> 
     </span>
     <span class='ocr_line' id='line_1_35' title="bbox 84 3046 1114 3124; baseline 0 -19"><span class='ocrx_word' id='word_1_270' title='bbox 84 3046 204 3124; x_wconf 88' lang='lat' dir='ltr'>tiaeque</span> <span class='ocrx_word' id='word_1_271' title='bbox 220 3050 312 3121; x_wconf 88' lang='lat' dir='ltr'>gesta.</span> <span class='ocrx_word' id='word_1_272' title='bbox 1048 3102 1075 3111; x_wconf 75' lang='grc'>,,,</span> <span class='ocrx_word' id='word_1_273' title='bbox 1099 3098 1114 3107; x_wconf 17' lang='grc' dir='ltr'>ἢ.</span> 
     </span>
    </p>

    <p class='ocr_par' dir='ltr' id='par_1_7' title="bbox 85 3108 1121 3541">
     <span class='ocr_line' id='line_1_36' title="bbox 148 3108 1119 3204; baseline -0.016 -15"><span class='ocrx_word' id='word_1_274' title='bbox 148 3124 251 3190; x_wconf 83' lang='lat' dir='ltr'><strong>XVIII.</strong></span> <span class='ocrx_word' id='word_1_275' title='bbox 283 3125 399 3187; x_wconf 85' lang='lat' dir='ltr'>Foedus</span> <span class='ocrx_word' id='word_1_276' title='bbox 413 3126 688 3204; x_wconf 84' lang='lat' dir='ltr'>Insequensanuus</span> <span class='ocrx_word' id='word_1_277' title='bbox 708 3141 761 3184; x_wconf 89' lang='lat' dir='ltr'>sen</span> <span class='ocrx_word' id='word_1_278' title='bbox 781 3121 957 3199; x_wconf 88' lang='lat' dir='ltr'>intemperie</span> <span class='ocrx_word' id='word_1_279' title='bbox 974 3108 1078 3176; x_wconf 80' lang='lat' dir='ltr'>caelit</span> <span class='ocrx_word' id='word_1_280' title='bbox 1113 3154 1119 3197; x_wconf 67' lang='lat'><em>5</em></span> 
     </span>
     <span class='ocr_line' id='line_1_37' title="bbox 85 3199 1116 3280; baseline -0.016 -5"><span class='ocrx_word' id='word_1_281' title='bbox 85 3230 141 3275; x_wconf 90' lang='lat' dir='ltr'>sen</span> <span class='ocrx_word' id='word_1_282' title='bbox 161 3213 293 3272; x_wconf 85' lang='lat' dir='ltr'>humana</span> <span class='ocrx_word' id='word_1_283' title='bbox 311 3207 415 3271; x_wconf 79' lang='lat' dir='ltr'>fraudo</span> <span class='ocrx_word' id='word_1_284' title='bbox 434 3208 503 3280; x_wconf 87' lang='lat' dir='ltr'>init,</span> <span class='ocrx_word' id='word_1_285' title='bbox 525 3208 563 3269; x_wconf 81' lang='lat' dir='ltr'>lt.</span> <span class='ocrx_word' id='word_1_286' title='bbox 587 3206 706 3270; x_wconf 87' lang='lat' dir='ltr'>Claudio</span> <span class='ocrx_word' id='word_1_287' title='bbox 727 3203 866 3267; x_wconf 85' lang='lat' dir='ltr'>Marcello</span> <span class='ocrx_word' id='word_1_288' title='bbox 883 3203 917 3262; x_wconf 84' lang='lat' dir='ltr'>T.</span> <span class='ocrx_word' id='word_1_289' title='bbox 933 3199 1048 3261; x_wconf 88' lang='lat' dir='ltr'>Valerio</span> <span class='ocrx_word' id='word_1_290' title='bbox 1101 3210 1116 3279; x_wconf 56' lang='lat'>4⁴</span> 
     </span>
     <span class='ocr_line' id='line_1_38' title="bbox 86 3280 1118 3372; baseline -0.016 -14"><span class='ocrx_word' id='word_1_291' title='bbox 86 3293 270 3359; x_wconf 87' lang='lat' dir='ltr'>oonsulibus.</span> <span class='ocrx_word' id='word_1_292' title='bbox 301 3292 439 3356; x_wconf 89' lang='lat' dir='ltr'>Flaccum</span> <span class='ocrx_word' id='word_1_293' title='bbox 453 3293 640 3372; x_wconf 88' lang='lat' dir='ltr'>Potitumque</span> <span class='ocrx_word' id='word_1_294' title='bbox 661 3291 741 3353; x_wconf 87' lang='lat' dir='ltr'>varie</span> <span class='ocrx_word' id='word_1_295' title='bbox 760 3290 793 3348; x_wconf 92' lang='lat' dir='ltr'>in</span> <span class='ocrx_word' id='word_1_296' title='bbox 808 3284 963 3348; x_wconf 88' lang='lat' dir='ltr'>annalibus</span> <span class='ocrx_word' id='word_1_297' title='bbox 979 3301 1048 3362; x_wconf 89' lang='lat' dir='ltr'>cog·</span> <span class='ocrx_word' id='word_1_298' title='bbox 1062 3280 1118 3350; x_wconf 63' lang='lat' dir='ltr'>ts}</span> 
     </span>
     <span class='ocr_line' id='line_1_39' title="bbox 87 3354 1121 3453; baseline -0.015 -11"><span class='ocrx_word' id='word_1_299' title='bbox 87 3398 198 3442; x_wconf 89' lang='lat' dir='ltr'>nomen</span> <span class='ocrx_word' id='word_1_300' title='bbox 216 3374 492 3440; x_wconf 83' lang='lat' dir='ltr'>consulisihrenIo.</span> <span class='ocrx_word' id='word_1_301' title='bbox 524 3384 655 3438; x_wconf 87' lang='lat' dir='ltr'>ceterum</span> <span class='ocrx_word' id='word_1_302' title='bbox 673 3376 704 3434; x_wconf 85' lang='lat' dir='ltr'>ln</span> <span class='ocrx_word' id='word_1_303' title='bbox 726 3391 760 3435; x_wconf 90' lang='lat' dir='ltr'>eo</span> <span class='ocrx_word' id='word_1_304' title='bbox 772 3372 854 3453; x_wconf 83' lang='lat' dir='ltr'>parvi</span> <span class='ocrx_word' id='word_1_305' title='bbox 868 3368 965 3430; x_wconf 80' lang='lat' dir='ltr'>reiert·</span> <span class='ocrx_word' id='word_1_306' title='bbox 979 3367 1049 3449; x_wconf 92' lang='lat' dir='ltr'>quid</span> <span class='ocrx_word' id='word_1_307' title='bbox 1105 3354 1121 3431; x_wconf 63' lang='lat' dir='ltr'>i.</span> 
     </span>
     <span class='ocr_line' id='line_1_40' title="bbox 87 3459 1121 3541; baseline -0.012 -19"><span class='ocrx_word' id='word_1_308' title='bbox 87 3466 150 3525; x_wconf 80' lang='lat' dir='ltr'>seri</span> <span class='ocrx_word' id='word_1_309' title='bbox 171 3464 225 3533; x_wconf 88' lang='lat' dir='ltr'>sit;</span> <span class='ocrx_word' id='word_1_310' title='bbox 247 3461 320 3522; x_wconf 89' lang='lat' dir='ltr'>illud</span> <span class='ocrx_word' id='word_1_311' title='bbox 340 3459 483 3541; x_wconf 88' lang='lat' dir='ltr'>pervelim</span> <span class='ocrx_word' id='word_1_312' title='bbox 499 3495 538 3507; x_wconf 91' lang='lat'><em>-</em></span> <span class='ocrx_word' id='word_1_313' title='bbox 558 3478 615 3522; x_wconf 90' lang='lat' dir='ltr'>nec</span> <span class='ocrx_word' id='word_1_314' title='bbox 635 3475 738 3519; x_wconf 90' lang='lat' dir='ltr'>omnes</span> <span class='ocrx_word' id='word_1_315' title='bbox 758 3463 893 3519; x_wconf 90' lang='lat' dir='ltr'>auctores</span> <span class='ocrx_word' id='word_1_316' title='bbox 913 3460 982 3514; x_wconf 90' lang='lat' dir='ltr'>sunt</span> <span class='ocrx_word' id='word_1_317' title='bbox 1009 3484 1048 3497; x_wconf 86' lang='lat'><em>-</em></span> <span class='ocrx_word' id='word_1_318' title='bbox 1112 3466 1121 3525; x_wconf 68' lang='grc' dir='ltr'>ῑ</span> 
     </span>
    </p>
   </div>
   <div class='ocr_carea' id='block_1_4' title="bbox 799 3541 842 3604">
    <p class='ocr_par' dir='ltr' id='par_1_8' title="bbox 799 3541 842 3604">
     <span class='ocr_line' id='line_1_41' title="bbox 799 3541 842 3604; baseline 0 -25"><span class='ocrx_word' id='word_1_319' title='bbox 799 3541 842 3604; x_wconf 57' lang='lat'>5*</span> 
     </span>
    </p>
   </div>
   <div class='ocr_carea' id='block_1_5' title="bbox 0 0 1209 3920">
    <p class='ocr_par' dir='ltr' id='par_1_9' title="bbox 0 0 1209 3920">
     <span class='ocr_line' id='line_1_42' title="bbox 0 0 1209 3920; baseline 0 0"><span class='ocrx_word' id='word_1_320' title='bbox 0 0 1209 3920; x_wconf 95' lang='lat' dir='ltr'> </span> 
     </span>
    </p>
   </div>
  </div>
 </body>
</html>
