2396 3920
115 221 157 286 56
305 233 400 283 creare
416 232 485 277 rur.
501 231 569 277 oar.
584 222 611 274 7.
628 219 655 275 8.
672 211 711 294 [a.
726 234 757 276 u.
774 180 801 277 o.
816 211 878 297 414]

86 391 101 444 1
116 379 244 461 exempli
259 382 348 443 etiam
363 382 455 443 tristis
469 383 500 443 iu
509 390 666 463 *posterum
683 389 791 444 essent.
835 380 906 443 VIII.
937 362 1020 443 Fecit
1032 389 1078 444 ta·

115 484 186 529 men
208 465 347 527 atrocitas
368 482 483 545 poenae
504 464 756 528 oboedientiorem
780 465 851 527 duci
882 464 1022 536 militem,
1048 473 1079 529 et

116 555 325 630 praeterquam
340 549 418 628 quod
434 547 583 613 custodiae
598 548 772 629 vigiliaeque
786 557 816 611 et
829 547 902 611 ordo
917 551 1078 611 stationum

115 633 285 697 intentioris
315 631 424 713 ubique
448 649 538 697 curae
559 639 657 704 erent,
684 634 715 694 in
735 631 839 695 ultimo
865 633 954 703 etiam
982 642 1078 696 certa
1172 705 1173 708 ,

116 718 214 786 mine,
238 732 305 778 cum
334 717 508 779 descensum
538 717 570 777 iu
589 719 683 778 aciem
701 725 761 788 est,
783 734 818 778 ea
844 718 985 779 severitas
1007 736 1079 798 pro·

85 801 182 861 afuit.
219 799 275 860 luit
294 807 392 865 autem
406 800 484 861 cirili
497 801 623 861 maxime
644 798 723 862 bello
743 817 842 880 pugna
864 799 984 863 similis:
1001 801 1080 865 adeo
1184 850 1185 873 3

95 886 98 891 ’
117 883 192 945 nihil
207 883 285 964 apud
295 883 414 946 Laduos
428 883 579 947 dissonum
594 884 631 946 ab
642 884 775 947 Romana
785 902 819 946 re
830 893 949 966 praeter
963 886 1079 947 animos
1184 952 1185 955 ,

118 974 190 1029 erat.
1184 1020 1185 1027 ,

75 1059 105 1127 ,3
181 1050 288 1131 Clipeis
311 1059 397 1112 antea
416 1052 542 1114 Romani
561 1052 609 1112 usi
629 1059 712 1121 sunt;
742 1051 826 1123 dein,
849 1060 1006 1133 postquam
1027 1054 1079 1115 sti·
1184 1046 1185 1049 '

74 1130 79 1145 ²
116 1135 264 1216 pendiarii
278 1134 349 1196 lacti
363 1143 447 1209 sumt,
464 1143 547 1199 scuta
562 1154 617 1215 pro
634 1135 736 1216 clipeis
749 1135 867 1204 iecere;
888 1143 918 1196 et
932 1135 1012 1216 quod
1025 1154 1079 1199 an·

115 1226 165 1280 tea
182 1219 344 1299 phalanges
361 1215 472 1281 similes
485 1220 695 1290 Macedonicis,
717 1219 775 1283 boc
790 1227 893 1299 postea
914 1219 1079 1299 manipula·

71 1306 170 1365 taum
185 1310 295 1365 structa
310 1304 388 1364 acies
404 1305 502 1384 coepit
518 1321 601 1365 esse:
632 1311 782 1383 postremo
796 1305 828 1364 in
843 1303 944 1383 plures
959 1304 1081 1365 ordines

69 1356 80 1469 Ξ
117 1386 350 1449 instruebantur.
372 1384 461 1468 [ordo
478 1405 640 1467 sexagenos
657 1386 774 1457 milites,
793 1386 866 1448 duos
879 1389 1079 1459 centuriones

68 1470 302 1536 itorexillariom
326 1488 418 1535 unum
444 1469 598 1553 habebat]
639 1473 735 1552 prima
756 1471 834 1531 acies
859 1471 966 1532 hastati
986 1479 1079 1543 erant,
1184 1524 1185 1543 Ξ

70 1532 86 1661 ⁵3
118 1554 261 1634 manipuli
275 1556 458 1636 quindecim,
479 1557 622 1618 datantes
641 1556 719 1617 inter
734 1572 766 1615 se
780 1553 930 1615 modicum
944 1557 1080 1635 spatium
1129 1630 1132 1631 ⁷
1184 1610 1185 1639 Ξ

118 1639 286 1716 manipulus
307 1639 380 1701 levis
404 1642 522 1701 ricerms
541 1638 664 1708 milites,
691 1637 778 1699 aliam
806 1638 923 1703 turbam
946 1647 1080 1701 scutato·
1184 1646 1185 1651 ’

77 1738 89 1811 3
117 1739 185 1782 rum
200 1720 341 1790 habebat;
365 1721 443 1783 leves
458 1729 573 1792 autem,
592 1723 643 1801 qui
663 1720 777 1783 hastam
800 1729 913 1784 tantum
934 1740 1082 1803 gaesaque

79 1810 272 1887 {egererent
294 1803 484 1867 vocabantur.
522 1805 597 1865 haec
616 1806 713 1883 prima
734 1806 818 1868 irons
838 1808 872 1867 io
890 1807 954 1873 acie
975 1807 1080 1869 ilorem
1184 1870 1185 1877 Ξ

82 1898 91 1959 a}
117 1889 257 1948 iuvenum
283 1886 509 1965 pubescentium
528 1887 564 1948 ad
595 1887 730 1953 militiam
757 1888 895 1951 habebat.
930 1888 1081 1956 robustior
1184 1916 1185 1925 ¹

83 1992 96 2071 3
116 1970 188 2030 inde
204 1977 284 2030 aetas
306 1970 429 2033 totidem
451 1971 682 2051 manipulorum,
706 1972 814 2052 quibus
831 1973 1016 2053 principibus
1037 1981 1082 2034 est

84 2072 93 2129 Ξ
118 2071 237 2126 nomeu,
249 2053 304 2116 hos
315 2054 523 2134 sequebantur,
536 2058 642 2119 scutati
652 2074 764 2127 omnes,
775 2056 941 2134 insignibus
953 2058 1081 2118 maxima

82 2140 219 2215 37armis.
242 2138 301 2200 hoc
311 2140 433 2218 triginta
440 2138 658 2218 manipulorum
666 2157 772 2218 agmen
784 2139 968 2219 antepilanos
980 2139 1081 2220 appel·

76 2216 88 2301 3
119 2221 234 2294 labant,
255 2224 322 2303 quia
338 2221 393 2284 sub
416 2225 509 2302 signis
529 2226 588 2285 iam
607 2223 657 2287 alii
675 2223 844 2303 quindecim
859 2224 980 2286 ordines
1002 2224 1081 2285 loca·

119 2305 243 2376 bantur,
265 2326 302 2368 ex
317 2306 424 2386 quibus
439 2307 512 2368 ordo
527 2310 727 2388 unusquisque
749 2315 811 2369 tres
832 2315 932 2386 partes
953 2306 1084 2369 hahebat

79 2395 160 2455 ,8-
180 2407 282 2450 earum
304 2408 546 2471 unamquamque.
560 2393 688 2470 primam
708 2390 801 2471 pilum
822 2391 976 2453 vocabant.
1014 2389 1083 2473 [tri-

73 2478 79 2523 ἰ
119 2473 175 2535 bus
190 2491 227 2534 ex
246 2471 360 2536 vexillis
375 2474 537 2536 constabat.
567 2474 705 2537 vexillum
720 2481 840 2536 centum
860 2477 1010 2554 octoginta
1032 2493 1085 2536 sex

66 2562 77 2629 Ξ
119 2557 255 2620 homines
272 2556 382 2640 erant]
413 2561 544 2640 primum
559 2557 697 2620 vexillum
712 2560 830 2622 triarios
845 2558 984 2629 ducebat,
1004 2566 1084 2619 rete·

69 2642 78 2721 3
120 2660 227 2707 renum
240 2642 365 2705 militem
377 2651 527 2723 spectatae
537 2644 666 2713 rhtutis,
683 2642 845 2704 secundum
861 2644 1008 2712 rorarios,
1028 2644 1085 2703 mi·

119 2743 176 2785 nus
190 2724 309 2785 roboris
329 2733 425 2787 aetate
445 2726 603 2806 lactisque,
624 2727 745 2787 tertium
765 2742 920 2796 accensos,
942 2727 1086 2787 minimae

119 2805 243 2867 fiduciae
255 2824 391 2877 manum:
417 2824 452 2868 eo
467 2815 497 2868 et
517 2811 549 2868 in
565 2815 746 2887 postremam
763 2811 858 2871 aciem
873 2802 1087 2871 reiciebantur.

61 2876 76 2972 3
90 2897 108 2949 9
119 2887 171 2950 ubi
181 2888 228 2948 his
239 2888 392 2953 ordinibus
404 2893 550 2952 exercitus
561 2894 721 2956 instructus
734 2901 819 2964 esset,
827 2892 940 2955 hastati
951 2894 1087 2957 omnium

64 2982 78 3049 Ξ
119 2973 210 3054 primi
230 2990 362 3051 pugnam
383 2972 507 3041 inibam.
544 2978 570 3037 si
583 2975 689 3042 hastati
710 2975 870 3057 profligare
890 2975 1009 3037 hostem
1023 2993 1088 3039 nou

62 3048 78 3141 Ξ
119 3065 255 3138 possent,
272 3055 349 3136 pede
365 3075 468 3138 presso
481 3076 531 3120 eos
545 3059 778 3121 retrocedentes
794 3061 826 3121 iu
837 3056 992 3122 intervalla
1004 3059 1088 3120 ordi·

61 3148 80 3224 Ξ
119 3159 191 3203 num
210 3142 364 3222 principes
383 3142 575 3222 recipiebant.
609 3151 672 3204 tum
692 3144 861 3224 principum
879 3161 980 3224 pugna
997 3140 1087 3212 'erat3

64 3225 112 3307 310
121 3225 230 3285 hastati
246 3225 454 3306 sequebantur.
481 3220 586 3307 3triarii
601 3227 656 3288 sub
672 3225 783 3298 vexillis
797 3216 1002 3290 considebant)
1011 3228 1086 3290 siui-

68 3306 86 3387 Ξ
120 3313 184 3365 stro
199 3324 286 3369 crure
301 3317 455 3388 porrecto,
472 3319 555 3371 scuta
571 3312 672 3371 innixa
688 3312 813 3387 umeris,
830 3311 929 3373 hastas
945 3310 1087 3373 subrecta

120 3387 243 3465 cuspide
253 3392 376 3452 interra
389 3394 476 3464 fixas,
493 3394 572 3455 haud
583 3412 668 3455 secus
679 3411 767 3473 mam
781 3390 856 3455 vallo
867 3402 967 3473 saepta
981 3391 1087 3454 inhor-

55 3546 65 3551 ,⁷
78 3472 110 3587 31
121 3477 204 3531 reret
220 3472 313 3543 acies,
330 3482 474 3536 tenentes.
502 3479 528 3537 si
542 3477 620 3556 apud
631 3478 781 3557 principes
792 3496 909 3559 quoque
922 3476 1002 3539 haud
1014 3477 1088 3538 satis

12 3820 93 3877 R.
