2350 3922
161 60 292 153 le-lstiss
318 116 325 145 a
358 78 406 122 '²⁴³'
553 106 560 125 .·
583 92 587 123 ;
607 76 769 131 lfa-naamam
793 32 814 133 lg

142 229 203 293 338
246 300 251 309 Α
337 245 431 286 muna
445 245 535 286 xxm,
549 244 617 286 oar.
636 231 677 285 19.
694 221 733 304 [a.
749 247 781 286 n.
796 245 823 285 c.
838 221 900 303 538]

118 408 132 458 1
172 416 174 419 ·
207 392 281 453 xlx.
314 394 451 455 Ceterum
468 394 640 454 mitescente
654 392 821 453 iamhieme
834 390 939 450 educto
956 388 1099 451 exhiber-

114 479 190 536 anis
218 475 311 538 milite
334 475 493 540 Casilinum
521 476 607 537 redit.
643 475 695 535 ubi
718 474 895 554 quamquam
928 473 963 534 ab
990 490 1100 552 oppug-

146 561 264 621 natione
294 567 439 623 cessatum
464 569 542 630 erat,
575 558 687 620 obsidio
723 567 823 619 tamen
855 558 993 617 continua
1020 557 1099 634 oppi-

146 644 238 705 danos
269 645 505 724 praesidiumque
542 642 577 703 ad
606 641 741 703 ultimum
774 642 891 720 inopiae
933 639 1097 700 adduxerat

117 736 134 787 3
148 730 251 789 castris
266 729 405 790 Romanis
420 728 464 788 Ti.
486 727 678 805 Sempronius
693 733 830 804 praeerat
845 725 989 785 dictatore
1009 723 1100 802 auspi·

117 814 261 873 actorum
275 811 505 891 repetendorum
523 828 609 870 causa
623 808 756 889 profecto
771 809 905 871 Romam.
934 805 1099 869 Marcellum

147 906 177 958 et
200 899 297 976 ipsum
326 897 492 974 cupientem
517 894 596 955 [erre
624 891 763 955 auxilium
786 891 915 953 obsessis
940 899 970 951 et
989 889 1097 951 Voltur·

148 998 203 1041 nus
237 981 331 1040 amnis
365 977 482 1039 inflatus
509 979 592 1058 aquis
620 984 649 1037 et
677 993 782 1056 preces
807 974 989 1038 Nolanorum
1021 981 1101 1054 atque

149 1068 365 1124 Acerranorum
379 1062 532 1130 tenebant,
557 1061 722 1139 Campanos
742 1061 925 1128 timentium,
945 1061 972 1119 si
997 1058 1100 1138 praesi-

120 1148 229 1208 ndium
252 1145 417 1207 Romanum
437 1144 635 1205 abscessisset.
673 1144 824 1205 Gracchus
841 1142 979 1204 adsidens
994 1150 1101 1203 tantum

121 1276 124 1281 .
147 1228 290 1298 Casilino,
307 1230 375 1308 quia
389 1228 572 1308 praedictum
586 1235 649 1288 erat
665 1228 829 1298 dictatoris,
852 1245 890 1288 ne
903 1226 973 1307 quid
986 1225 1102 1286 absente

149 1332 184 1374 eo
206 1314 250 1372 rei
271 1320 405 1390 gereret,
434 1311 507 1373 nihil
532 1311 681 1382 movebat,
711 1328 888 1390 quamquam
914 1329 990 1390 quae
1024 1308 1103 1370 lacile

148 1415 265 1458 omnem
276 1397 446 1476 patientiam
459 1397 610 1456 vincerent
624 1395 835 1456 nuntiabantur
847 1412 864 1454 a
880 1393 1023 1456 Casilino:
1040 1409 1103 1453 nam

125 1492 134 1563 g
149 1489 178 1542 et
198 1482 407 1561 praecipitasse
428 1499 460 1540 se
482 1479 624 1560 quosdam
646 1497 705 1540 non
724 1477 885 1539 tolerantes
908 1478 1018 1538 lamam
1040 1492 1102 1537 con·

149 1566 251 1635 stabat,
269 1572 297 1625 et
307 1572 384 1626 stare
395 1567 524 1625 inermes
539 1565 569 1624 in
582 1565 674 1624 muris
686 1562 763 1623 nuda
770 1579 895 1641 corpora
907 1561 944 1621 ad
956 1559 1103 1622 missilium

148 1648 275 1710 telorum
290 1651 366 1710 ictus
378 1647 563 1728 praebentes.
585 1666 619 1708 ea
632 1664 720 1726 aegre
735 1647 850 1726 patiens
864 1644 1026 1716 Gracchus,
1044 1661 1103 1704 eum

124 1792 125 1799 ,
149 1750 245 1812 neque
268 1750 397 1813 pugnam
424 1749 581 1794 conserere
602 1731 751 1792 dictatoris
777 1730 889 1790 iniussu
918 1729 1043 1790 auderet
1067 1759 1103 1771 -

148 1816 339 1895 pugnandum
359 1823 457 1877 autem
473 1834 552 1887 esse,
574 1817 599 1876 si
619 1814 715 1894 palam
738 1813 918 1875 frumentum
935 1815 1103 1892 inportaret,

119 1900 132 1945 ’ἶ
149 1898 266 1958 videbat
286 1900 337 1943 -2
352 1916 448 1977 neque
474 1898 549 1960 clam
575 1898 744 1977 inportandi
766 1917 835 1978 spes
857 1902 949 1967 esset,
975 1896 1057 1963 lame
1073 1911 1102 1954 er

146 1964 1104 2125 ,Quanamuretoatmooaatuantaeffigit

150 2083 212 2126 nun
225 2083 285 2126 rum
307 2063 343 2125 ad
365 2065 565 2142 magistratum
589 2063 748 2146 Casilinum
767 2066 862 2136 misit,
885 2074 918 2126 ut
940 2068 1102 2143 exciperent

150 2149 235 2220 dolia,
251 2166 325 2229 quae
338 2149 432 2209 amnis
443 2147 581 2209 deferret.
603 2149 771 2228 insequenti
781 2156 868 2209 nocte
881 2149 1006 2209 intentis
1018 2147 1101 2208 omni·

150 2234 251 2293 busin
271 2233 382 2293 llumcn
402 2251 436 2293 ac
457 2249 548 2311 spem·
563 2232 599 2292 ab
628 2234 731 2293 nuntio
751 2232 882 2293 Romano
904 2232 1015 2293 factam
1036 2229 1102 2291 dolia

110 2308 128 2389 ξ’
151 2316 248 2377 medio
264 2317 353 2376 missa
369 2318 448 2377 amni
463 2315 664 2385 defluxerunt,
681 2314 898 2396 aequaliterque
915 2317 996 2376 inter
1010 2329 1101 2377 omues

116 2390 127 2461 ’ῗ
153 2402 332 2460 frumentum
360 2399 494 2463 divisum.
531 2400 570 2461 id
599 2408 717 2479 postero
730 2417 860 2479 ,quoque
890 2399 938 2460 die
965 2417 1001 2460 ac
1024 2398 1101 2460 tertio

122 2500 127 2531 1
153 2485 337 2547 factumest:
355 2490 441 2556 nocte
456 2492 486 2547 et
500 2483 734 2559 mittebanturgt¹
747 2482 978 2561 perveniebant;
1001 2502 1036 2545 eo
1047 2498 1101 2542 cus·

109 2612 111 2617 .
127 2576 140 2624 1
154 2567 262 2641 stodias
277 2567 405 2629 hostium
418 2566 566 2629 fallebant.
599 2566 743 2628 imbribus
758 2566 1026 2628 deindccontinuis
1041 2567 1098 2625 cita·

142 2655 208 2731 „tior
226 2651 311 2724 solito
327 2652 420 2713 amnis
438 2661 604 2715 transverso
620 2652 727 2714 vertice
743 2648 818 2713 dolia
830 2649 937 2730 inpulit
954 2651 992 2711 ad
1008 2653 1097 2729 ripam

110 2761 121 2807 a
152 2753 242 2815 quam⁵
254 2734 354 2794 hostes
372 2735 537 2796 servabant.
574 2735 616 2795 ibi
636 2735 786 2796 haerentia
810 2736 888 2811 inter
912 2733 1022 2796 obnata
1039 2732 1099 2811 ripis

109 2804 121 2857 ἓ
151 2808 253 2877 salicta
279 2820 514 2898 conspiciuntur,
543 2820 767 2898 nuntiatumque
796 2817 954 2883 Hannibali
971 2871 975 2876 .
990 2820 1098 2890 estha

104 2858 125 3047 ἱ
152 2898 262 2961 deinde
274 2902 430 2962 intentiore
451 2900 583 2964 custodia
604 2910 737 2972 cautum,
760 2920 798 2962 ne
824 2903 893 2982 quid
910 2901 1029 2965 lalleret
1044 2897 1097 2961 Vol-

125 2993 241 3045 aturno
257 2984 292 3044 ad
308 2985 412 3045 urbem
428 2987 558 3046 missum.
593 3003 691 3061 nuces,
704 2993 801 3065 tamen
817 2986 898 3046 lusae
920 2985 957 3046 ab
973 2983 1097 3048 Romanis

103 3050 133 3155 {l
152 3069 256 3151 castris
256 3069 544 3157 w„cppqrpgdiqgurni
562 3042 767 3133 addisibiiin
785 3052 964 3139 deliberent,
981 3057 1095 3131 cratibus

104 3151 142 3233 lt
155 3151 384 3232 excipiebantur.
418 3160 568 3232 postremo
593 3152 629 3214 ad
652 3154 682 3214 id
704 3160 823 3216 ventum
847 3155 965 3233 inopiae
991 3161 1048 3225 est,
1072 3157 1095 3209 ut

111 3236 129 3329 a}
151 3233 214 3293 lora
226 3236 429 3316 detractasque
444 3238 534 3298 scutis
544 3235 646 3316 pelles,
662 3237 714 3299 ubi
726 3237 837 3299 fervida
849 3235 1015 3298 mollissent
1026 3250 1094 3315 aqut

101 3338 131 3409 {q
151 3316 291 3376 mandere
307 3328 485 3380 conarentur
506 3338 561 3381 nec
579 3320 719 3385 muribus
733 3320 825 3383 aliove
847 3320 967 3397 animali
984 3320 1095 3382 abstine·

102 3404 131 3469 {a
150 3403 220 3454 rent
232 3404 261 3457 et
281 3417 368 3461 omne
388 3403 546 3464 herbarum
562 3405 752 3486 radicumque
772 3423 866 3485 genus
887 3403 1043 3484 aggeribus
1061 3401 1094 3460 iu·

21 3486 62 3581 fr
106 3476 228 3577 saumis
242 3483 320 3540 muri
340 3494 487 3545 eruerent.
518 3498 629 3553 etcum
655 3493 755 3555 hostes
776 3481 1094 3579 obarassentmqqidquid
