2290 3920
157 225 220 286 224
344 236 438 278 utonis
451 234 516 278 xxx.
533 234 601 278 cnr.
616 225 660 277 24.
673 223 716 278 25.
732 212 773 295 [a.
787 236 819 278 u.
828 240 860 311 c.
874 213 935 297 586]

158 403 225 446 oum
239 385 276 444 iis
291 383 380 453 velle,
404 391 434 445 et
450 382 495 443 vel
510 380 554 465 illi
566 383 689 461 propius
702 381 849 445 Iliberrim
863 382 1044 455 accederent,
1056 381 1092 446 rol

158 486 191 530 se
204 469 402 531 Ruscinonem
417 484 641 547 processurum,
664 474 697 526 ut
711 485 747 528 ex
760 469 925 548 propinquo
940 483 1092 542 congressus

129 552 273 613 ataeittor
284 560 375 614 essct:
392 558 502 613 namet
516 556 707 629 accepturum
724 569 775 611 cos
790 554 819 612 iu
831 558 927 613 castra
943 568 993 611 sua
1006 568 1036 611 se
1047 550 1091 610 lac·
1131 598 1132 637 3

157 645 234 707 tum,
250 653 306 697 nec
321 643 494 701 cunctanter
507 652 539 696 se
552 636 648 714 ipsum
664 634 700 695 ad
716 653 767 697 eos
779 642 941 697 venturum.
968 635 1092 713 hospitem

158 722 237 782 enim
259 739 292 781 se
314 718 439 790 Galliac,
459 736 520 780 non
540 719 655 779 hostem
676 718 847 788 advenisse,
868 737 924 780 nec
947 720 1093 779 stricturuu

129 812 226 866 fiante
236 804 375 883 gladium,
389 805 415 864 si
429 821 484 884 per
497 800 596 864 Gallos
607 800 701 873 liceat,
717 821 805 883 quam
816 806 848 864 in
858 802 970 864 ltaliam
979 804 1092 863 renbso.

81 930 83 933 -
159 894 188 949 et
201 906 256 967 per
269 891 388 949 nuntios
403 885 521 967 quidem
538 885 628 947 haec:
658 894 692 948 ut
710 905 781 948 vero
794 886 891 966 reguli
906 885 1046 948 Gallorum
1058 902 1093 945 ca·

159 972 270 1034 strisad
282 969 679 1048 iliberrimcxtemplomotis
690 970 769 1032 baud
780 969 1093 1050 grauanteradPoenun

158 1061 316 1124 venerunt,
340 1056 418 1133 capti
429 1053 515 1114 donis
529 1071 596 1115 cum
610 1053 689 1115 bona
708 1073 781 1133 pace
797 1057 959 1116 exercitum
978 1071 1028 1132 per
1045 1053 1094 1113 inb

157 1157 228 1200 snos
242 1145 362 1217 praeter
375 1139 576 1199 Ruscinonem
590 1138 732 1218 oppidum
746 1141 985 1201 transmiserunt.

87 1212 146 1281 si
221 1221 306 1283 XXV.
343 1221 376 1281 ln
398 1220 509 1283 ltaMam
531 1223 650 1282 iuterim
671 1222 745 1283 nihil
766 1223 843 1284 ultra
864 1241 954 1303 quam
977 1221 1092 1282 Hiberum

158 1306 299 1366 transisse
313 1303 509 1366 Hannibalem
525 1323 544 1365 a
558 1305 782 1367 Massiliensium
796 1306 903 1385 legatis
915 1306 1032 1368 Romam
1044 1320 1093 1383 per·

131 1389 250 1452 elatum
265 1397 344 1459 erat,
360 1408 441 1460 cum,
463 1390 588 1469 perinde
603 1408 637 1451 ac
655 1393 680 1451 si
693 1388 774 1469 Alpis
789 1391 848 1450 iam
862 1392 1027 1458 transisset,
1046 1385 1093 1448 Boii

159 1473 323 1535 sollicitatis
337 1472 511 1534 Insubribus
531 1473 717 1544 deiecerunt,
741 1491 798 1535 nec
819 1483 880 1534 tam
895 1474 934 1536 ob
955 1469 1092 1534 veteresin

157 1557 300 1639 populum
316 1559 482 1619 Romanurn
498 1559 574 1631 iras,
596 1575 683 1637 quam
702 1557 781 1637 quod
797 1575 895 1637 nuper
912 1561 990 1619 circa
1007 1553 1091 1619 Padurn

159 1643 340 1704 Placentiam
368 1641 604 1720 Cremonamque
628 1640 759 1702 colonias
784 1643 816 1701 in
843 1659 950 1719 agrum
977 1638 1091 1701 Gallicam

132 1733 148 1785 3
160 1726 302 1787 deductas
314 1743 403 1803 aegre
417 1724 614 1804 patiebantur.
642 1728 740 1804 itaque
755 1726 846 1786 armis
860 1734 987 1805 repente
995 1719 1092 1800 arreptis

160 1812 192 1869 in
209 1827 277 1869 eum
299 1811 397 1888 ipsum
412 1826 516 1887 agrum
532 1810 644 1887 impetu
659 1810 736 1870 iacto
750 1817 866 1870 tantum
882 1810 1005 1870 terroris
1017 1823 1046 1867 ac
1060 1811 1091 1863 tu·

159 1890 270 1954 multus
281 1893 431 1961 lecerunt,
449 1900 482 1953 ut
496 1910 557 1952 non
566 1894 690 1969 agrestis
702 1892 790 1953 modo
808 1891 982 1962 multitudo,
998 1889 1042 1952 scd
1053 1883 1092 1966 ipsi

159 1976 305 2036 triumviri
321 1975 460 2045 Romani,
485 1978 536 2054 qui
554 1976 592 2036 ad
615 1994 718 2054 agrum
734 1985 878 2037 venerant
898 1971 1091 2055 adsignandum

159 2058 246 2119 diffisi
263 2056 429 2119 Placentiae
450 2057 605 2119 moenibus
619 2059 761 2120 Mutinam
781 2061 985 2138 confugerint,
1006 2058 1033 2119 C.
1052 2052 1091 2113 ld·

133 2145 247 2205 «statius
262 2142 294 2204 G.
311 2140 449 2202 Seruitus
462 2141 501 2202 M.
516 2142 637 2203 Annius.
669 2143 766 2205 Lutati
779 2161 889 2204 nomen
909 2143 987 2205 haud
999 2138 1092 2201 dubiun

161 2235 219 2296 est;
237 2244 293 2306 pro
312 2226 408 2287 lunio
432 2224 614 2305 Servilioque
635 2225 683 2288 Μ’.
705 2226 830 2288 Acilium
851 2236 881 2288 et
896 2228 928 2290 C.
940 2221 1092 2288 Herennlun

160 2310 270 2372 habent
293 2310 413 2391 quidam
435 2308 569 2381 annales,
594 2309 642 2371 alii
661 2311 693 2372 P.
710 2310 879 2372 Cornelium
900 2312 1016 2372 Asinam
1037 2300 1091 2365 etd-

131 2395 308 2473 bPapirium
325 2394 485 2455 Masonem.
521 2393 552 2454 id
568 2412 685 2475 quoque
702 2394 823 2455 dubium
839 2402 899 2465 est,
922 2394 1006 2472 legati
1018 2386 1090 2451 adol·

159 2477 367 2558 postulandum
383 2478 467 2539 missi
481 2477 518 2539 ad
533 2478 622 2539 Reios
641 2478 739 2541 violati
755 2481 830 2548 sint,
852 2496 891 2539 an
906 2480 938 2538 in
954 2472 1091 2538 aimanor

131 2570 263 2642 tagram
277 2563 415 2623 metantis
436 2562 563 2642 impetus
583 2564 621 2623 sit
638 2561 742 2624 iactus.
772 2562 902 2623 Mutinae
918 2580 984 2637 cum
1003 2550 1090 2618 oboldt·

88 2637 99 2651 '
159 2655 277 2717 rentur,
300 2653 331 2706 et
356 2664 429 2723 gens
449 2645 485 2708 ad
506 2647 769 2726 oppugnandarum
790 2645 910 2706 urbium
932 2652 1007 2707 artes
1023 2633 1089 2700 mdis

160 2731 320 2809 pigerrima
334 2729 437 2792 eadem
460 2729 496 2789 ad
512 2729 649 2791 militaria
664 2748 769 2810 opera,
792 2731 891 2808 segnis
912 2728 1023 2790 intactis
1035 2718 1088 2782 ads·

134 2814 246 2873 'aderet
259 2814 366 2884 muris,
384 2812 517 2874 simulari
532 2822 668 2893 coeptum
685 2814 721 2874 de
736 2831 808 2893 pace
823 2814 885 2892 agi;
900 2794 1088 2898 evooeuqntl

161 2894 310 2960 Gallorum
323 2896 507 2975 principibus
522 2895 612 2974 legati
629 2897 664 2960 ad
682 2897 871 2978 conloquium
886 2914 947 2957 non
957 2900 1048 2956 contra
1058 2894 1089 2944 1⁸⁸

161 2981 249 3042 modo
264 2982 414 3059 gentium,
434 2980 487 3041 scd
504 2980 608 3041 violata
624 2983 726 3053 etiam,
738 3000 813 3061 quae
830 2979 897 3041 data
911 2982 944 3040 in
958 2979 988 3040 id
1000 2978 1087 3048 tempti

162 3071 239 3136 erat,
263 3063 321 3124 tide
335 3063 631 3143 conprehenduntur,
649 3065 825 3144 negantibus
840 3063 943 3134 Gallis,
967 3061 1019 3122 nisi
1032 3047 1087 3115 abd·

132 3151 212 3211 8des
226 3148 283 3210 sibi
293 3148 502 3218 redderentur,
518 3165 569 3209 eos
580 3148 762 3212 dimissuros.
795 3166 864 3209 cum
878 3148 951 3208 haec
963 3146 996 3205 de
1010 3130 1087 3216 ragau

161 3235 293 3295 nuntiata
306 3242 418 3304 essent,
436 3239 466 3293 et
476 3232 587 3293 Mutina
598 3232 835 3314 praesidiumque
844 3234 875 3293 in
888 3226 1014 3309 periculo
1024 3220 1086 3309 essct

160 3316 193 3375 L.
209 3316 333 3378 Manlius
354 3325 474 3396 praetor
493 3317 538 3377 ira
553 3335 694 3380 accensus
708 3316 832 3378 effusum
854 3330 959 3393 agmen
980 3310 1012 3371 ad
1025 3303 1086 3395 Mol·

132 3406 227 3458 onam
243 3399 333 3459 duoit.
364 3401 454 3461 silvae
468 3408 540 3461 tunc
551 3403 630 3462 circa
642 3403 718 3461 uam
732 3408 818 3462 erant
830 3399 978 3480 plerisque
988 3383 1086 3452 iacun·

161 3480 203 3541 ibl
216 3480 400 3560 inexplorato
418 3485 570 3563 proiectus
583 3487 615 3545 in
629 3484 751 3546 insidias
766 3484 989 3565 praecipitatur,
1008 3465 1087 3533 mill*
