2396 3920
288 206 382 251 nmen
396 206 452 250 aar.
468 205 538 251 cnr.
556 195 600 247 32.
619 195 662 248 33.
679 187 719 271 [a.
734 190 769 253 O.
784 189 848 272 ³43]
1009 198 1048 262 35

96 355 127 418 tis
141 362 184 416 est
205 355 387 435 praemium.
422 356 548 435 proinde
570 374 718 419 summum
743 357 880 439 quodque
905 366 1045 439 spectate,

92 438 198 511 milites,
215 437 321 500 decus.
348 456 418 509 non,
429 441 455 499 si
468 440 542 502 mihi
557 459 665 502 norum
679 441 736 502 hoc
748 442 866 504 cornui
880 461 1045 523 cognomen
1055 453 1088 506 la

90 523 136 585 diis
147 521 326 585 auctoribus
339 522 473 584 homines
494 524 630 596 dedistis,
658 523 878 589 Publicolarum
897 535 1044 590 uetustum

86 605 206 669 familiae
221 614 347 669 nostrae
362 624 526 685 cognomen
536 609 680 671 memoria
691 611 826 671 excessit.
857 630 976 691 semper
987 631 1042 693 ego
1055 620 1087 673 ld

83 690 195 769 plebem
205 691 376 754 Romanam
388 689 510 757 militiae
521 691 668 772 domique,
684 695 829 774 privatus,
846 695 877 756 in
888 697 1042 776 magistra-

83 772 154 837 tibus
164 777 270 856 parvis
285 775 471 854 magnisque,
487 794 579 856 aequo
591 777 727 841 tribunus
738 796 774 840 ac
795 778 914 851 consul,
938 781 1042 843 eodem

81 867 181 920 tenore
210 877 272 939 per
293 874 396 921 ornnes
423 858 562 939 deinceps
595 861 764 924 consulatus
784 860 849 924 colo
878 870 965 943 atque
993 883 1042 926 co·

80 939 128 1006 lui,
165 961 267 1022 nunc,
292 942 372 1024 quod
395 944 497 1015 instat,
525 945 581 1006 diis
605 945 859 1009 heneiuvantibus
873 964 982 1009 novum
998 956 1083 1010 at·1t

82 1045 134 1106 que
150 1029 308 1108 integrum
328 1027 365 1089 de
381 1027 561 1093 Samnitibus
583 1031 763 1110 triumphum
784 1049 901 1095 mecum
917 1032 1041 1113 petite.“

81 1108 202 1175 XXXllI.
234 1110 305 1174 Non
319 1110 392 1172 alias
406 1111 492 1174 militi
506 1112 681 1176 familiarior
695 1115 753 1179 dux
776 1116 831 1177 luit
849 1118 949 1179 omnia
963 1119 1042 1179 inter
1058 1124 1071 1176 t

82 1195 192 1258 infimos
213 1193 346 1259 militum
370 1195 450 1258 haud
476 1205 595 1275 gravate
621 1199 721 1261 munia
742 1198 889 1263 obeundo.
916 1200 1072 1264 inludat
1176 1196 1177 1199 ’

84 1287 232 1356 praeterea
261 1277 399 1349 militari,
425 1298 493 1342 cnm
520 1281 680 1344 velocitatis
708 1284 872 1365 viriumque
902 1286 980 1348 inter
1007 1305 1040 1348 se

85 1362 214 1442 aequales
225 1364 390 1425 certamina
401 1365 520 1436 iocum,
533 1367 656 1427 comiter
668 1365 769 1438 facilis,
782 1370 901 1431 vincere
916 1389 949 1432 aa
963 1371 1040 1431 vinci

86 1443 277 1510 sumendam
290 1464 349 1510 nac
360 1466 538 1528 quemquam
549 1451 703 1528 aspernari
717 1468 830 1529 parem,
841 1454 892 1533 qui
904 1472 936 1514 se
952 1453 1039 1515 offer,

91 1536 148 1597 ret;
168 1530 252 1592 laetis
270 1532 418 1610 benignus
436 1550 492 1612 pro
513 1550 561 1604 re,
586 1531 671 1593 dictis
688 1531 766 1593 haud
782 1536 880 1596 minus
895 1534 1070 1596 libertatist

90 1610 195 1675 adeum
205 1633 293 1696 quam
308 1632 379 1678 suae
391 1616 542 1695 dignitatis
552 1633 682 1686 memor,
698 1622 742 1687 et,
758 1634 817 1696 quo
829 1616 902 1678 nihil
916 1618 1038 1698 popula·

85 1697 142 1758 rius
157 1705 214 1771 est,
231 1699 340 1780 quibus
351 1699 463 1762 artibus
479 1701 606 1780 petierat
619 1701 822 1779 magistratus,
838 1701 941 1765 iisdem
952 1719 1037 1783 gere·

82 1779 137 1844 bat.
161 1784 264 1863 ltaque
282 1784 437 1847 universus
460 1787 607 1846 exercitus
626 1782 794 1849 incredibili
814 1784 964 1850 alacritate
983 1788 1068 1850 adt

82 1863 276 1929 hortationem
290 1875 466 1947 prosecutus
477 1866 561 1931 ducis
576 1871 681 1931 castris
698 1871 858 1949 egreditur.

137 1950 306 2022 Proelium,
325 1958 358 2014 ut
372 1951 450 2032 qnod
466 1953 593 2014 maxime
610 1971 765 2036 nmquam,
786 1958 850 2035 pari
865 1976 918 2038 spe
933 1961 1069 2020 mrim-d

80 2052 141 2113 que,
152 2037 258 2116 aequis
264 2035 384 2107 viribus,
397 2054 463 2097 cum
475 2036 581 2099 fiducia
594 2039 641 2099 sui
650 2040 714 2100 sinc
726 2046 896 2120 contemptu
908 2043 1036 2103 hostium

79 2121 268 2181 commissum
283 2126 338 2181 est.
367 2119 547 2181 Samnitibus
563 2121 706 2184 ferociam
721 2122 868 2201 augebant
884 2142 978 2186 notae
989 2131 1068 2185 rest

78 2211 174 2280 gestae
196 2212 229 2265 et
246 2221 357 2282 paucos
379 2211 447 2264 ante
470 2203 533 2266 dies
554 2207 702 2284 geminata
729 2207 864 2280 uictoria,
895 2207 1037 2269 Romanis

77 2295 177 2350 cenna
191 2287 475 2367 quadringentorum
490 2305 636 2351 annorum
650 2290 758 2353 decora
773 2297 802 2351 et
815 2291 952 2353 conditae
969 2290 1037 2353 urbi

77 2371 205 2452 aequalis
217 2372 355 2442 uictoria3
368 2373 501 2451 utrisque
513 2381 612 2435 tamen
623 2393 715 2436 notus
725 2375 819 2437 hostis
832 2393 934 2438 curam
947 2375 1035 2437 adde·
1051 2385 1067 2433 7
1177 2398 1178 2401 ¹

77 2453 131 2517 bat.
163 2473 266 2536 pugna
281 2453 391 2518 indicio
406 2456 478 2527 luit,
501 2474 575 2537 quos
589 2459 736 2536 gesserint
752 2459 881 2522 animos:
908 2477 1036 2540 namque

74 2539 344 2609 incanduerunt,
360 2545 394 2602 nt
410 2538 590 2619 aliquamdiu
611 2542 642 2600 in
663 2547 798 2601 neutram
819 2550 934 2619 partem
951 2543 1035 2602 incli·
1119 2587 1130 2607 .

75 2632 182 2687 narent
192 2623 280 2686 acies.
308 2630 372 2685 tum
383 2623 486 2687 consul
502 2622 728 2703 trepidationem
743 2624 922 2685 iniciendam
943 2632 1032 2696 ratus,
1048 2631 1065 2682 8

75 2707 191 2786 qnando
215 2708 243 2767 ri
263 2706 334 2786 pelli
360 2726 421 2770 non
449 2715 601 2788 poterant,
635 2702 782 2788 equitibus
815 2709 944 2771 inmIssis
973 2719 1035 2772 tur·

74 2788 144 2853 bare
156 2792 254 2871 prima
275 2792 358 2871 signa
379 2792 508 2853 hostium
531 2800 664 2855 conatur.
700 2810 774 2873 qnos
789 2792 842 2854 ubi
857 2796 1035 2876 nequiquam
1050 2801 1066 2852 9

74 2875 285 2939 tumultuantes
311 2877 341 2937 in
371 2877 466 2957 spatio
488 2879 593 2956 exiguo
620 2875 736 2939 volnere
757 2884 868 2943 turmas
889 2880 960 2942 vidit
979 2898 1038 2941 neo·

74 2976 160 3036 posse
184 2960 302 3040 aperire
321 2961 352 3022 in
373 2958 475 3022 hostes
493 2963 585 3032 nam,
606 2969 741 3024 revectus
766 2963 802 3022 ad
827 2964 1034 3043 antesignanos

74 3042 225 3122 legionum
249 3061 317 3106 cum
344 3043 509 3107 desiluisset
535 3065 571 3108 ex
598 3065 688 3125 equo,
722 3054 910 3118 „nostrum“
939 3048 1035 3126 inquit
1045 3051 1076 3104 10

75 3127 232 3207 „peditum
262 3126 351 3200 illud,
384 3127 505 3201 milites,
539 3137 585 3190 est
615 3148 701 3210 opus:
732 3132 895 3210 agitedum,
923 3137 956 3190 ut
986 3147 1034 3190 me

75 3211 220 3282 videritis,
242 3230 428 3293 quacumque
446 3213 597 3275 incessero
619 3215 650 3274 in
671 3214 765 3275 aciem
787 3215 930 3284 hostium,
952 3212 1033 3274 terro

76 3296 150 3357 riam
165 3296 333 3369 facientem,
354 3298 398 3359 sic
419 3315 474 3377 pro
490 3316 522 3360 se
543 3299 667 3377 quisque
694 3297 794 3357 obvios
814 3297 956 3368 sternite,
983 3295 1033 3358 illa

76 3381 189 3450 omnia,
212 3398 270 3460 qua
285 3399 365 3444 nnnc
381 3390 499 3444 erectae
518 3383 629 3443 micant
642 3381 760 3451 hastae,
775 3380 920 3459 patefacta
935 3389 1033 3458 strage

76 3470 152 3526 vasta
168 3465 330 3527 cernetis.“
356 3466 430 3526 haee
449 3465 525 3527 dicta
542 3464 677 3535 dederat,
695 3482 761 3525 oum
777 3467 890 3543 equites
905 3465 1073 3529 consulistt
