2396 3920
255 240 420 286 11111111.
437 239 506 284 cae.
523 228 564 279 12.
583 227 623 280 13.
639 219 680 302 [1.
692 222 726 285 0.
741 227 802 282 111.
817 220 880 304 318]
1010 228 1050 290 13

85 393 271 475 aliqrmntum
279 389 420 452 Gallicam
434 388 574 450 ferociam
580 387 720 460 vinceret,
736 388 873 452 dictatori
879 391 1049 470 neutiquam
1061 396 1089 449 11

82 476 229 558 placebat,
248 472 369 554 quando
385 471 465 537 nulla
476 478 596 551 cogeret
610 490 667 544 res,
679 471 814 536 fortunae
828 490 861 536 se
876 475 1049 536 commitere

81 562 227 624 adversus
243 557 377 627 bostem,
392 573 480 636 quem
493 564 611 636 tempus
621 555 800 618 deteriorem
813 558 845 619 in
862 556 926 619 dies
937 565 967 619 et
977 556 1050 619 locis

80 645 190 707 alienis
206 642 326 704 iaceret
338 642 402 702 siue
416 647 590 720 praeparato
605 648 785 711 commeatu,
806 642 870 702 sine
884 640 970 703 drmo
984 660 1049 702 mu·

80 731 220 791 nimenta
231 731 410 794 morantem,
426 724 462 786 ad
474 724 531 785 boc
542 725 580 787 iis
594 723 769 804 corporibus
782 725 960 804 anmrisque,
977 742 1049 805 quo·

78 830 151 874 rum
166 809 316 872 1111111111
332 809 446 888 1111111
463 808 506 869 tis
519 815 606 878 esset,
624 826 712 887 parra
723 807 826 872 eadem
843 806 1050 886 languesceret

79 913 180 958 more„
205 893 257 955 bis
272 890 404 954 1111111111
425 890 551 953 dictator
566 889 678 954 bellum
697 891 847 963 trahebat,
870 907 1047 970 maremque
1058 899 1091 950 11

80 979 223 1041 edixerat
242 992 383 1057 poenam,
404 976 430 1037 si
450 976 517 1055 quis
543 976 656 1038 1111111
682 977 713 1038 11
736 976 852 1039 hostem
878 983 1048 1054 pugnasset.

81 1062 196 1124 milites
211 1076 304 1141 aegm
317 1058 349 1119 id
363 1060 509 1139 patientes
522 1060 619 1139 priano
639 1061 670 1120 ln
690 1059 864 1122 stationibus
884 1056 1048 1138 vigiliisque

82 1149 165 1207 inter
180 1163 214 1206 se
230 1143 405 1213 dictatorem
419 1141 606 1204 sermonibus
620 1161 757 1222 carpere,
779 1143 928 1206 interdum
948 1149 1048 1223 patres

84 1228 288 1291 communiter
304 1227 478 1306 increpare,
499 1225 578 1307 quod
593 1244 653 1288 non
668 1229 823 1290 iussissent
837 1243 893 1307 per
912 1225 1049 1288 consules

86 1313 155 1392 geri
168 1309 296 1373 bellum:
311 1308 437 1371 electum
452 1327 518 1373 esse
532 1311 673 1375 eximium
683 1312 908 1391 imperatorem,
925 1311 1046 1373 unicum
1058 1315 1089 1368 lt

89 1397 214 1465 ducem,
236 1395 287 1474 qul
302 1392 377 1455 nihil
394 1395 493 1472 agenti
511 1393 568 1454 sibi
583 1394 620 1454 de
641 1393 722 1456 caelo
742 1393 941 1456 devolaturam
961 1395 992 1455 iu
1006 1395 1046 1455 si·

90 1497 169 1540 num
181 1478 330 1539 sictonam
346 1486 474 1539 censeat.
510 1477 614 1541 eadem
625 1477 731 1538 deinde
746 1478 820 1539 haec
834 1475 964 1538 interdiu
977 1493 1047 1556 pro·

94 1560 197 1641 palam
211 1577 244 1621 11
256 1560 400 1623 ierooiora
413 1560 460 1621 bis
473 1560 598 1621 iactare:
617 1576 649 1619 se
665 1560 778 1620 iniussu
794 1559 983 1638 imperatoris
999 1568 1049 1619 aut

93 1645 280 1705 dimicaturos
295 1652 346 1707 aut
362 1646 480 1722 agmine
494 1643 733 1705 Romamituros.
766 1641 975 1720 inmiscerique
989 1643 1048 1705 iam
1058 1648 1089 1702 11
1194 1728 1195 1731 ¹

87 1726 232 1789 militibus
248 1729 453 1796 centuriones,
475 1728 574 1789 necin
591 1725 709 1788 circulis
722 1722 811 1789 modo
826 1725 968 1797 fremere,
995 1725 1047 1787 sed

86 1814 150 1873 iam
167 1813 200 1871 in
214 1812 367 1892 principiis
381 1828 415 1872 ac
428 1812 578 1891 praetorio
588 1813 620 1872 in
634 1827 726 1872 unum
740 1826 893 1872 sermones
907 1810 1049 1871 conlundi

86 1903 180 1974 atque
193 1895 224 1955 iu
243 1895 390 1957 contionis
412 1893 643 1973 magnitudinem
662 1912 798 1956 erescere
817 1893 904 1956 turba
923 1895 1047 1956 111111-

85 1979 188 2041 111111
203 1997 241 2040 cx
251 1976 387 2040 omnibus
401 1977 487 2048 loeis,
501 1985 534 2040 ut
545 1978 691 2059 extemplo
706 1979 743 2041 ad
754 1979 927 2040 dictatorem
944 1979 1047 2047 iretur,

85 2060 1047 2142 rerbaproereccituiaceretSox.Tullins,utrirtuteeiusdignum

87 2154 178 2208 esset
222 2144 297 2207 lllll.
324 2145 488 2224 Septimum
504 2147 633 2225 primum
646 2145 739 2225 pilum
757 2147 817 2207 iam
829 2144 943 2207 Tullius
956 2144 1046 2205 duoe-
1063 2149 1077 2201 1

86 2231 149 2300 bat,
164 2247 262 2308 neque
274 2237 339 2291 erat
349 2229 531 2299 inexercitu,
547 2229 731 2309 quiquidem
743 2229 907 2309 pedestrias
916 2226 1047 2307 tipendia

87 2313 223 2382 iecisset,
237 2313 288 2372 vir*
297 2312 388 2374 iactis
396 2309 534 2395 nobilior.
565 2314 592 2373 is
605 2313 788 2394 praecedens
800 2311 926 2374 militam
941 2327 1047 2391 agmen
1062 2318 1078 2367 2

87 2396 126 2459 ad
140 2393 271 2458 tribunal
285 2397 383 2476 pergit
397 2396 574 2475 muannque
591 2396 721 2477 Sulpicio
737 2413 798 2458 non
821 2395 937 2459 turbam
954 2397 1048 2474 magis

87 2496 179 2561 11111
198 2478 303 2541 turbae
324 2480 489 2560 principem
511 2479 654 2550 Tullium,
677 2482 810 2559 imperiis
824 2478 1047 2541 oboedientissi-

86 2581 174 2626 mum
186 2562 324 2625 mllitem:
340 2561 487 2634 „scilicet
505 2562 656 2625 dicmtor“
670 2564 779 2640 lnquit,
796 2561 1078 2632 „condemnatume

87 2666 122 2709 se
132 2646 289 2708 universus
296 2648 444 2708 1111111111
456 2655 476 2708 'a
490 2653 519 2708 te
532 2647 665 2723 ignaviae
676 2652 757 2705 ratus
772 2653 802 2707 11
815 2660 908 2724 prope
921 2643 1047 2723 ignomi-

88 2732 158 2793 niae
172 2748 260 2792 causa
279 2730 448 2792 destitutum
464 2731 528 2792 sine
543 2728 740 2792 111111111νὶ1
756 2745 817 2801 me,
831 2735 865 2790 ut
878 2746 963 2792 suam
979 2746 1047 2790 cau·
1194 2764 1195 2767 =

87 2831 154 2876 sam
174 2814 251 2894 apud
270 2822 301 2877 te
327 2831 457 2893 agerem.
490 2813 641 2894 equidem,
663 2811 757 2875 sicubi
779 2812 845 2876 loco
867 2830 998 2884 cessum,
1022 2815 1079 2875 111
1194 2808 1195 2891 p

87 2907 175 2976 terga
191 2898 257 2960 data
271 2898 365 2967 besti,
379 2898 500 2975 sislgna
510 2897 596 2959 foede
608 2899 714 2960 amissa
728 2896 807 2960 obici
818 2898 904 2959 nobis
917 2905 1045 2977 possent
1194 2918 1195 2925 ¹

87 2989 190 3044 tamen
205 2980 262 3043 hoc
279 3000 295 3044 a
310 2990 340 3044 te
354 2983 508 3062 impetrari
526 2992 651 3062 aequum
665 2999 837 3053 censerem,
860 2989 893 3043 ut
914 2999 968 3043 nes
989 2982 1047 3042 vir·

89 3072 156 3126 tute
166 3064 282 3147 culpam
293 3074 424 3127 nostram
438 3067 587 3145 corrigere
598 3074 628 3127 ot
634 3064 754 3128 abolere
763 3066 865 3145 flagitii
875 3066 1047 3126 memoriam

2 3216 3 3225 q
89 3165 167 3210 nova
182 3147 275 3228 gloria
288 3150 443 3229 patereris.
474 3152 561 3212 etiam
576 3148 612 3210 ad
626 3149 720 3213 Aliam
735 3151 817 3212 fusae
831 3148 963 3227 legiones
978 3151 1079 3208 ean-o

2 3228 3 3259 ³
90 3231 176 3303 dem,
197 3251 285 3313 quem
307 3251 363 3314 per
382 3251 522 3314 parerem
543 3236 716 3304 amiserant,
745 3234 870 3314 patriam
898 3230 1047 3311 proiectae

87 3323 195 3397 postea
208 3335 224 3378 a
237 3318 316 3378 Veiis
330 3318 439 3383 virtute
453 3335 676 3399 recuperavere.
705 3316 791 3379 nobis
811 3316 899 3378 deum
912 3314 1048 3395 benigni·

87 3407 169 3471 tate,
184 3399 325 3463 felicitate
340 3405 391 3463 tua
411 3400 570 3482 populique
590 3401 716 3463 Romani
735 3407 765 3460 et
783 3417 833 3460 res
849 3407 879 3461 et
895 3398 989 3478 gloria
1005 3409 1050 3459 est

2 3566 3 3569 Ἴ
86 3483 217 3563 integra.
248 3501 426 3564 quamquam
440 3484 477 3546 de
493 3484 586 3564 glorie
603 3485 650 3545 rix
665 3483 764 3543 dicere
784 3485 890 3553 ausim,
908 3484 935 3542 si
948 3499 1003 3541 nos
1018 3484 1078 3540 ett
