2350 3922
37 234 39 291 l

164 194 232 265 '352
361 209 456 249 creua
467 207 557 249 xxm.
574 207 640 249 cir.
656 193 699 248 112.
717 185 757 268 [a.
771 209 802 248 n.
819 209 844 250 c.
858 183 918 266 539]

170 354 249 416 sules
263 356 433 426 edixerunt,
451 357 588 436 quotiens
601 357 633 415 in
647 360 782 416 senatum
798 361 960 423 vocassent,
977 353 1016 412 uti
1027 368 1097 413 sena·

170 446 250 500 tores
272 439 436 519 quibusque
456 442 489 498 in
508 447 612 499 senatu
638 438 737 499 dicere
761 439 934 498 senteutiam
958 434 1052 496 liceret
1069 433 1098 492 ad

37 514 41 595 j*
142 531 160 578 4
171 532 287 601 portam
305 523 453 604 Capenam
470 525 668 583 convenirent.
705 528 874 601 praetores,
900 539 1019 600 quorum
1040 517 1099 578 iuris

141 864 159 914 5
232 859 353 919 Interim
371 808 597 935 Cartbaginem,'
623 857 700 918 unde
714 856 813 935 Mago,
835 856 927 917 frater
941 851 1098 920 Hannibalis,

37 932 39 1013 ῗ
98 855 127 1195 ἲ
149 966 152 974 “
170 941 324 1003 duodecim
340 942 420 1002 milia
433 942 580 1020 peditum,
604 950 633 1003 et
647 939 920 1085 millequingelptos
934 942 1049 1019 equites,
1067 936 1099 994 ri·

171 606 259 666 dictio
289 616 372 677 erat,
408 605 565 667 tribunalia
599 606 635 667 ad
664 607 807 686 piscinam
840 603 982 684 publicam
1011 619 1098 682 posue·

169 691 498 835 pipcrppfflepspadimonia
524 688 589 750 lieri
615 691 788 789 iusserunt,¹
801 689 900 768 ibique
921 707 955 748 ec
978 704 1048 749 anno
1062 685 1099 744 ius

170 1027 244 1102 giuti
258 1025 443 1104 elephantos,
457 1023 538 1086 mille
553 1029 668 1104 argenti
680 1024 788 1086 talenta
797 1027 829 1085 in
857 1024 955 1086 taliam
969 1021 1100 1083 transmis·
1137 1028 1138 1081 l

169 1126 256 1169 surus
282 1118 346 1170 erat
371 1128 437 1171 oum
466 1109 613 1187 praesidio
638 1110 788 1186 sexaginta
812 1111 930 1169 navium
957 1104 1099 1183 longarum.

120 1199 122 1223 ²
141 1194 289 1253 onunuus
305 1192 449 1262 adfertur,
465 1194 497 1252 in
512 1192 651 1271 Hispania
663 1211 727 1258 rem
737 1191 819 1253 'male
835 1202 948 1270 gestam
963 1202 1100 1265 omnesque

140 1284 157 1332 7
170 1276 262 1336 ferme
275 1278 338 1336 eius
347 1277 515 1355 provinciae
530 1275 655 1355 populos
666 1276 702 1336 ad
713 1275 862 1337 Romanos
873 1276 1021 1336 deiecisse.
1034 1274 1103 1331 erant

170 1360 221 1438 qui
233 1359 388 1438 Magonem
403 1379 470 1420 cum
487 1358 579 1420 classe
595 1378 629 1421 ea
644 1361 793 1441 copiisque
808 1361 918 1421 31111331
932 1357 1009 1420 ltalia
1022 1358 1050 1415 in
1062 1353 1102 1413 Hi·

170 1445 304 1523 spaniam
322 1452 502 1517 averterent,¹
515 1462 579 1504 cum
597 1443 749 1504 Sardiniae
765 1442 956 1523 recipiendae
970 1439 1102 1520 repentina

141 1534 159 1586 8
172 1545 238 1607 spes
254 1527 384 1589 adfulsit:
400 1546 522 1607 parvum
537 1527 578 1587 ibi
594 1528 755 1588 exercitum
768 1525 1024 1592 Romanum-esse:
1040 1528 1102 1582 rete·

168 1630 233 1672 rem
247 1620 415 1690 praetorem
431 1613 502 1694 inde
513 1611 546 1672 A.
565 1610 733 1672 Coroebum
746 1612 917 1688 provinciae
933 1610 1050 1690 peritum
1063 1604 1102 1664 de·

141 1695 290 1766 taedere,
308 1714 414 1756 nevum
430 1696 594 1775 expectari;
613 1695 650 1755 ad
666 1694 723 1755 hoc
738 1694 831 1755 fessos
850 1696 912 1757 iam
926 1695 1034 1755 animos
1047 1688 1100 1748 Sar

170 1778 275 1840 dorurn
287 1798 352 1840 esse
365 1780 555 1840 diuturnitate
566 1780 680 1856 imperi,
694 1786 724 1838 et
734 1780 870 1856 proximo
881 1781 920 1839 iis
931 1794 1005 1837 anno
1015 1769 1103 1834 acerbe

170 1869 256 1940 atque
271 1880 357 1923 avare
371 1864 556 1941 imperatum,
575 1863 657 1940 gravi
671 1861 782 1922 tributo
797 1870 826 1922 et
841 1862 1007 1929 conlatione
1020 1856 1104 1934 inqua

127 2000 130 2005 .
169 1944 310 2005 frumenti
329 1962 463 2023 pressos;
483 1945 556 2005 nihil
578 1946 680 2005 deesse
695 1944 774 2005 aliud
797 1964 889 2024 quarn
903 1952 1060 2008 auctorem,
1075 1934 1104 1997 ad

128 2034 160 2084 10
172 2044 258 2107 quem
274 2028 442 2091 delicerent.
479 2028 553 2088 baec
574 2026 753 2088 clandestina
773 2028 880 2107 legatio
902 2048 957 2109 per
975 2022 1103 2106 principos

165 2113 257 2175 missa
280 2118 344 2173 crat
370 2113 495 2175 maxime
517 2129 580 2172 eam
601 2129 665 2171 rem
687 2109 827 2177 moliente
848 2112 1047 2192 Hampsicora,
1064 2104 1105 2182 qul

128 2202 157 2252 11
172 2203 232 2257 tum
247 2198 419 2257 auctoritate
435 2204 522 2275 atque
538 2194 642 2274 opibus
653 2194 741 2273 longe
755 2197 868 2275 primus
885 2201 959 2257 erat.
987 2193 1030 2254 bis
1042 2203 1103 2248 111111·

168 2281 216 2340 tiis
231 2299 324 2363 prope
340 2298 400 2341 unc
421 2288 554 2358 tempore
577 2279 686 2340 turbati
705 2276 856 2358 erectique
877 2280 1030 2359 Magonem
1050 2286 1104 2332 cum

129 2363 265 2442 litclasse
280 2383 332 2425 sua
348 2365 497 2443 copiisque
517 2364 548 2423 in
567 2362 737 2440 Hispaniam
751 2365 883 2432 mittunt.
908 2365 943 2429 ir.
958 2356 1104 2423 Sardiniam

169 2446 383 2508 Hasdrubalem
399 2446 532 2525 deligunt
553 2447 657 2507 ducem
679 2454 709 2506 et
725 2453 838 2509 tantum
858 2447 953 2507 lerme
973 2443 1105 2521 copiarum

171 2539 313 2609 quantum
327 2531 444 2608 Magoni
459 2530 630 2591 decernunt.
989 2567 991 2572 -

131 2621 162 2671 13
234 2615 271 2675 Et
293 2615 403 2676 Romae
429 2613 563 2675 consules
584 2614 739 2674 transactis
763 2613 867 2682 rebus,
893 2631 968 2694 quae
994 2613 1023 2669 in
1043 2601 1105 2666 urbe

131 2702 162 2753 14
174 2700 303 2776 agendae
321 2706 421 2767 erant,
443 2698 599 2758 movebant
614 2699 673 2759 iam
689 2714 754 2758 sese
775 2697 813 2759 ad
829 2696 950 2758 bellum.
979 2694 1020 2754 rt.
1035 2690 1105 2751 Sem·

86 2832 98 2851 1
169 2784 291 2861 pronius
307 2780 446 2842 militibus
461 2781 629 2842 Sinuessam
641 2781 719 2842 diem
731 2781 767 2842 ad
780 2780 1009 2842 conveniendum
1021 2769 1104 2835 eunt

93 2854 108 2893 ³
171 2871 201 2925 et
216 2865 250 2936 Q.
266 2865 382 2935 Fabius,
401 2863 534 2925 consrdto
554 2866 636 2943 prius
657 2873 775 2936 senatu,
797 2871 830 2925 ut
851 2865 999 2927 frumenta
1016 2865 1105 2916 omnes
1137 2884 1138 2943 1

172 2966 208 3008 ex
225 2949 304 3026 agris
318 2955 385 3008 ante
399 2947 457 3008 kal.
473 2947 571 3008 iunias
586 2949 697 3027 primas
717 2949 748 3008 in
762 2947 851 3008 nrbes
875 2948 1001 3009 munitas
1013 2951 1104 3000 conve·
1137 2946 1138 2997 t

130 3039 161 3089 15
173 3031 294 3092 herenti
313 3034 363 3110 qui
378 3049 438 3092 non
452 3032 623 3100 invexisset,
645 3033 707 3093 eius
726 3047 759 3092 se
781 3048 884 3109 agrum
904 3027 1102 3110 populaturum,

172 3133 272 3176 servos
287 3115 341 3176 sub
353 3115 434 3175 hasta
450 3114 649 3184 venditurum,
666 3113 747 3176 villas
761 3117 960 3183 incensurum.
984 3127 1019 3169 ne
1031 3116 1103 3194 prat·

171 3198 284 3258 toribus
299 3199 432 3277 quidem,
448 3199 499 3277 qui
510 3197 546 3258 ad
560 3200 606 3259 ius
621 3196 778 3260 dicendum
794 3201 886 3259 creati
900 3201 996 3262 erant,
1007 3191 1103 3276 11111110
1137 3186 1138 3237 3

131 3282 162 3333 16
174 3296 191 3336 a
204 3279 275 3338 belli
290 3281 541 3341 administratione
565 3281 632 3342 data
653 3288 706 3343 est.
737 3280 885 3343 Valerium
906 3285 1059 3359 praetorem
1075 3277 1102 3320 ¹1¹

171 3359 305 3436 Apuliam
316 3364 360 3421 ire
372 3362 481 3440 placuit
492 3364 529 3424 ad
541 3366 702 3426 exereitum
719 3385 736 3426 a
750 3362 889 3426 Terentio
902 3351 1102 3439 accipiendum

173 3456 239 3499 cunr
257 3459 292 3500 ex
308 3442 407 3504 Sicilia
427 3444 560 3522 legiones
581 3450 745 3522 venissent,
765 3449 801 3510 iis
820 3448 999 3528 potissimum
1016 3423 1104 3497 utiad
1137 3508 1138 3511 Ἴ
