2350 3922
923 8 973 47 η.
1093 9 1141 89 ,4

166 233 228 297 320
331 247 424 289 arana
438 247 527 289 xxrn.
541 246 609 290 oar.
628 236 650 288 l.
666 236 692 286 2.
707 234 733 285 3.
750 224 790 307 [a.
805 250 836 289 ιι.
852 249 876 288 o.
889 225 949 307 538]

166 396 286 458 iuvenes
307 396 385 474 capti
408 396 556 474 caesique,
572 397 650 454 inter
666 413 740 473 quos
755 402 786 454 et
806 393 932 471 Hegeas,
954 392 1101 472 praefectus

127 488 159 540 ιο
169 480 314 560 equitum,
326 479 570 557 intemperantius
579 477 717 539 cedentes
731 485 848 539 secutus
864 475 975 537 cecidit.
993 475 1026 537 ab
1040 474 1101 536 urbe

167 562 363 645 oppugnanda
375 561 507 622 Poenum
520 562 707 624 absterruere
721 570 877 640 conspecta
888 561 1010 629 moenia,
1023 559 1101 620 baud·

167 665 313 728 quaquam
327 653 464 725 prompta
482 647 672 725 oppugnanti.
961 716 964 719 ,

140 737 153 790 i
227 730 261 792 Il.
288 729 359 790 lude
373 730 499 807 Capuam
520 729 612 789 llectit
631 730 702 798 iter,
723 727 918 789 lmuriantem
933 726 1017 806 longa
1027 725 1102 787 felici·

167 822 227 876 tate
241 822 327 893 atque
341 812 522 890 indulgentia
538 812 687 885 fortunae,
710 814 836 873 maxime
853 820 952 872 tamen
967 813 1039 871 inter
1051 826 1102 869 cor·

167 907 254 978 rupta
261 899 357 957 omnia
370 894 487 957 licentia
497 894 591 975 plebis
600 899 664 956 sine
675 896 762 956 modo
774 895 941 957 libertatem
949 895 1101 956 exercentis.

139 989 300 1043 asenatum
317 988 346 1041 et
360 978 416 1039 sibi
431 986 460 1039 et
473 978 553 1057 plebi
568 979 727 1041 obnoxium
741 978 885 1041 Pacuvius
900 979 1027 1041 Calavius
1041 978 1101 1037 ieco-

167 1073 230 1135 rat,
245 1063 352 1125 nobilis
362 1063 440 1122 idem
456 1081 490 1122 ac
506 1062 657 1142 popularis
677 1064 780 1134 homo,
804 1070 937 1124 ceterum
954 1062 1034 1123 malis
1047 1061 1101 1120 arti·
1140 1120 1141 1123 ,

139 1149 221 1210 ibus
243 1155 366 1207 nanctus
386 1163 467 1224 opes.
505 1147 531 1206 is
552 1165 618 1206 cum
641 1165 675 1208 eo
695 1147 774 1207 forte
794 1165 887 1218 anno,
915 1166 972 1226 quo
987 1163 1031 1207 res
1044 1142 1102 1205 male

168 1239 249 1310 gesta
272 1229 309 1290 ad
323 1229 558 1295 Trasumennum
580 1239 638 1301 est,
659 1232 691 1291 in
710 1248 825 1293 summo
846 1233 1017 1310 magistratu
1035 1235 1100 1292 essct

166 1317 225 1376 iam
241 1315 291 1375 diu
305 1314 442 1375 inlectam
453 1315 567 1376 senatui
578 1313 696 1394 plebem
707 1322 788 1375 ratus
801 1332 856 1392 per
870 1315 1049 1377 occasionem
1062 1328 1100 1371 no·
1140 1340 1141 1367 ;

167 1397 254 1460 randi
268 1416 317 1459 res
328 1415 466 1475 magnum
479 1416 615 1460 ausuram
631 1398 759 1467 lacinus,
776 1406 822 1468 ut,
838 1400 908 1459 siin
921 1416 955 1459 ea
969 1397 1029 1456 loca
1042 1396 1100 1455 Han·

167 1481 249 1545 nibal
260 1500 327 1543 cum
341 1483 452 1543 victore
465 1483 594 1543 exercitu
605 1483 740 1550 venisset,
752 1482 900 1542 trucidato
912 1489 1013 1543 senatu
1027 1477 1100 1539 trade·
1140 1514 1141 1517 =

138 1574 214 1628 aret
225 1567 355 1645 Capuam
365 1565 485 1635 Poenis,
500 1565 644 1645 inprobus
655 1565 754 1634 homo,
772 1564 896 1626 sednon
913 1565 949 1626 ad
964 1573 1099 1626 exuenm
1140 1590 1141 1625 ;

166 1650 314 1730 perditus,
330 1667 397 1710 curm
412 1648 513 1711 mallet
526 1648 668 1711 incolumi
681 1666 770 1728 quam
788 1666 889 1711 eversa
905 1647 1049 1729 republica
1062 1643 1098 1703 do·

166 1736 287 1804 minari,
310 1731 420 1794 nullam
441 1740 539 1793 autem
564 1731 744 1794 incolumem
763 1750 827 1794 esse
852 1733 986 1795 orbatam
1006 1727 1099 1810 publili

168 1815 290 1877 consilio
306 1815 458 1885 crederet,
476 1818 622 1877 rationem
637 1817 706 1885 init,
729 1834 784 1895 qua
799 1825 828 1876 et
842 1826 978 1879 senatum
995 1817 1099 1876 seruaret

138 1907 197 1960 aet
211 1898 371 1958 obnoxium
387 1898 489 1959 sibiae
504 1899 585 1979 plebi
601 1899 720 1960 laceret.
748 1909 850 1963 vocato
867 1910 973 1962 senatu
988 1916 1048 1959 cum
1060 1891 1098 1954 sibi

168 1981 341 2042 delectionis
356 1980 392 2040 ab
403 1981 543 2044 Romanis
558 1982 713 2044 consilium
728 1983 907 2063 placiturum
928 1983 1006 2044 nullo
1020 1976 1097 2042 modo

138 2066 224 2127 onisl
238 2065 438 2126 necessarium
455 2065 571 2135 luisset,
589 2059 738 2146 praelatus
755 2075 844 2138 esset,
861 2070 972 2148 quippe
988 2066 1033 2146 qui
1044 2060 1097 2122 libe·

167 2169 217 2212 ros
232 2169 269 2210 ex
281 2149 367 2228 Appii
388 2148 500 2211 Claudii
518 2148 576 2210 filia
597 2149 721 2210 haberet
742 2151 890 2232 filiamque
907 2153 1027 2213 Romam
1043 2161 1097 2221 nup·

165 2244 229 2300 tum
255 2235 300 2294 M.
329 2232 410 2294 Livio
437 2233 580 2302 dedisset;
613 2241 745 2296 ceterum
769 2237 914 2297 maiorem
939 2234 1096 2297 mucorem

139 2318 318 2396 imagisque
341 2317 500 2377 timendam
521 2318 646 2380 instare:
669 2337 728 2381 nou
749 2321 828 2380 enim
849 2337 904 2400 per
931 2318 1095 2380 delecu'onen

167 2401 204 2463 ad
214 2398 376 2462 tollendum
388 2418 424 2461 ex
437 2402 550 2462 civitate
564 2409 697 2464 senatum
712 2401 829 2482 plebem
840 2411 988 2482 spectare,
1002 2397 1047 2461 sed
1058 2405 1095 2474 pti

167 2484 287 2547 caedem
305 2491 423 2545 senatus
442 2502 562 2567 vacuam
580 2505 643 2547 rem
665 2486 813 2564 publicam
833 2486 952 2549 tradere
968 2472 1094 2547 Hannibali

139 2576 155 2625 8
168 2586 202 2631 ae
215 2568 323 2630 Poenis
334 2567 423 2637 velle;
441 2586 475 2629 eo
491 2587 523 2631 se
538 2569 671 2648 periculo
684 2587 771 2650 posse
788 2569 916 2631 liberare
933 2589 997 2639 eos,
1012 2569 1092 2642 siper·
1136 2622 1137 2629 ,

167 2653 285 2713 mittant
299 2651 356 2712 sibi
370 2660 400 2712 et
411 2655 604 2714 certaminum
615 2655 645 2713 in
660 2653 811 2734 republica
822 2654 907 2715 obliti
918 2653 1045 2718 credant,
1065 2671 1093 2737 Τ

139 2741 235 2803 acum
256 2752 359 2796 omnes
380 2737 449 2796 victi
471 2744 552 2798 metu
576 2739 798 2816 permitterent,
821 2785 838 2808 ‚‚
847 2737 979 2800 claudam
987 2744 1004 2769 ⁴‘
1024 2730 1092 2820 inqut

167 2819 223 2889 „in
240 2820 322 2878 curia
337 2835 387 2879 vos
403 2826 447 2888 et,
463 2827 610 2900 tamquam
626 2829 655 2882 et
668 2823 731 2901 ipse
747 2823 865 2901 cogitati
880 2822 1014 2882 facinoris
1026 2815 1092 2894 parit·

167 2918 253 2978 ceps,
270 2900 460 2981 adprobando
476 2903 610 2974 consilia,
627 2905 732 2984 quibus
747 2907 925 2986 nequiquam
940 2904 1089 2984 adversatos·

167 2986 243 3046 viam
258 2982 343 3045 saluti
366 2993 480 3047 vestrae
502 2988 657 3049 inveniam.
688 2991 720 3049 in
742 2989 799 3050 boc
824 2988 911 3050 fidem
933 3002 1015 3067 quam
1030 2974 1090 3039 voltu

33 3076 36 3089 ·
126 3076 159 3128 ιο
167 3070 224 3146 ipsi
249 3068 403 3146 accipite.“
442 3069 500 3129 nde
528 3070 594 3131 data
615 3088 750 3149 egressus
776 3071 872 3135 claudi
896 3072 1002 3132 curiam
1023 3059 1089 3124 ruet

167 3152 404 3231 praesidiumque
418 3153 449 3213 in
466 3152 608 3215 vestibulo
626 3154 758 3234 reliquit,
780 3174 818 3217 ne
834 3158 900 3237 quis
912 3154 990 3216 adire
1004 3144 1089 3210 ouritffl

143 3234 279 3295 liniussu
293 3252 346 3316 suo
361 3236 545 3297 neveindee
566 3237 630 3298 redi
650 3242 750 3318 possit.
795 3239 843 3301 lll.
872 3240 944 3302 Tum
964 3217 1089 3316 vocatia·d
1133 3290 1134 3299 ,

170 3317 336 3376 contionem
350 3316 459 3397 populo
469 3256 569 3400 „quod
580 3330 689 3400 saepe“
703 3323 798 3402 inquit
809 3324 956 3404 „optastis
969 3318 1088 3392 Campana
1133 3330 1134 3407 p

168 3399 201 3453 ut
215 3396 349 3473 supplicii
366 3402 501 3462 sumendi
514 3403 595 3465 robis
610 3404 780 3485 exinprobo
796 3425 830 3468 ac
845 3402 1000 3469 detestabili
1009 3394 1088 3457 senati

142 3481 299 3550 ²potestas
312 3489 402 3550 esset,
419 3500 483 3543 eam
493 3503 553 3570 non
567 3504 622 3565 per
635 3487 792 3551 tumultum
804 3493 997 3572 expugnantes
1009 3481 1088 3541 dom⁰⁶
