2280 3926
202 210 205 215 '
283 223 375 266 arasa
390 227 420 265 x.
438 223 507 266 ose.
524 210 568 265 28.
584 211 627 266 29.
645 201 685 285 [a.
703 205 738 268 c.
755 202 818 287 295]
975 209 1046 273 179,

86 369 252 447 pontificem,
269 390 356 452 quem
368 371 552 435 descendens
566 373 598 432 in
614 372 707 432 aciem
723 371 839 451 digredi
852 379 985 436 vetuerat
1000 372 1036 434 ab

87 471 127 523 se,
144 454 257 535 praeire
272 457 356 518 iussit
379 457 485 528 verba,
509 454 615 536 quibus
646 473 678 517 se
701 455 834 534 legiones
855 475 892 519 ue
907 456 1037 521 hostium

86 555 133 616 pro
149 541 278 602 exercitu
291 540 393 621 populi
408 541 534 603 liornani
548 539 706 613 Quiritium
721 540 887 608 devoveret.
916 541 1080 605 devotusto

14 632 16 661 ῑ
85 620 146 683 inde
167 622 268 687 eadem
288 627 461 705 precatione
492 624 655 706 eodemque
675 623 794 697 habitu,
818 643 878 705 qno
898 633 983 704 pater
1003 627 1037 688 P.

13 702 16 775 ξ
84 703 179 768 Decius
198 707 233 769 ad
245 708 377 771 Veserim
395 709 473 772 bello
489 709 593 771 Latino
608 728 640 771 se
657 710 784 771 iusserat
801 709 937 772 devoveri
942 700 1060 874 {um

13 800 14 869 j
84 790 234 854 secundum
250 793 410 857 sollemnes
427 795 615 875 precationes
637 793 794 856 adiecisset
812 812 885 875 prae
901 811 933 857 se
987 813 1039 857 ere

13 924 15 957 p
83 891 139 935 sese
151 875 338 940 formidinem
354 898 389 940 ac
404 880 503 959 lugam
521 878 701 958 caedemque
718 896 753 942 ac
768 896 922 950 cruorem,
943 878 1038 941 caele·

13 962 14 1007 3
83 960 161 1020 stium
175 961 340 1026 inferorum
357 965 431 1034 iras,
448 971 653 1026 contacturum
673 961 848 1026 funebribus
865 963 938 1023 diris
952 965 1035 1043 signa
1049 971 1079 1022 1⁷

83 1042 133 1105 tela
147 1062 227 1107 arma
242 1046 388 1119 bostium,
405 1047 563 1129 locumque
580 1048 708 1111 eundem
723 1066 794 1111 suae
812 1050 904 1130 pesu's
922 1066 957 1109 ac
969 1044 1037 1109 Gal·

13 1142 14 1207 3
82 1123 169 1190 lorum
182 1147 216 1193 ao
231 1131 409 1194 Samnitium
424 1133 497 1203 fore,
509 1167 553 1182 ·-
568 1131 643 1195 haec
658 1140 812 1196 execratus
826 1135 859 1195 in
872 1150 905 1195 se
923 1134 1081 1194 hostes-18

13 1216 14 1241 ³
83 1229 146 1290 que,
162 1233 218 1295 qua
239 1217 487 1280 confertissimam
508 1216 649 1281 cernebat
663 1216 815 1280 Gallorum
840 1204 1037 1364 acienlsspoon·

83 1297 144 1358 citat
163 1317 287 1380 equum,
309 1301 500 1382 inferensque
524 1320 557 1364 se
576 1302 641 1381 lpse
660 1302 776 1364 infestis
797 1302 862 1364 telis
886 1321 917 1364 es
956 1312 1037 1364 nter·

14 1378 15 1383 ’
82 1377 193 1454 lectusi
217 1384 321 1447 XXIX.
353 1387 406 1448 Vix
420 1386 568 1448 humanae
586 1384 657 1446 inde
678 1387 743 1465 opis
765 1385 858 1448 videri
876 1394 1065 1468 pugnapo·i

83 1467 138 1527 tuit.
171 1468 299 1532 Romani
326 1469 401 1532 duce
428 1472 550 1541 amisso,
579 1487 654 1549 quae
679 1485 729 1530 res
750 1472 860 1532 terrori
879 1469 952 1532 alias
972 1488 1037 1532 esse

15 1592 16 1595 ,
82 1548 160 1622 solet,
175 1554 282 1616 sistere
300 1555 400 1633 fugam
418 1572 573 1617 acueram
591 1553 628 1615 de
647 1554 765 1632 integro
781 1551 856 1614 velle
870 1557 1037 1616 instaurare

82 1649 215 1714 pugnam;
243 1637 335 1709 Galli,
363 1646 393 1700 et
412 1640 540 1701 maxime
560 1636 665 1718 globus
685 1638 880 1701 circumstans
908 1637 1066 1701 eonsulisa

81 1734 193 1800 corpus,
208 1720 290 1783 velut
306 1722 431 1785 alienata
447 1732 548 1786 mente
570 1740 642 1785 rana
657 1724 689 1783 in
704 1739 821 1784 cassmn
835 1723 946 1786 betam
962 1722 1036 1794 tela3

14 1822 15 1831 ¹
81 1809 191 1884 torpere
205 1807 328 1888 quidam
345 1816 373 1869 et
398 1825 454 1869 nec
478 1825 596 1888 pugnae
615 1808 785 1869 meminisse
802 1808 975 1887 necfugae.
1009 1814 1066 1870 ata

12 1890 14 1943 J
81 1897 206 1969 exparte
221 1890 317 1954 altera
336 1892 469 1973 pontifex
483 1893 595 1964 Livius,
617 1895 665 1955 cui
683 1891 803 1954 lictores
824 1892 930 1956 Decius
944 1893 1035 1955 tradi-

80 1969 156 2034 derat
177 1976 365 2057 iusseratque
390 1996 445 2057 pro
471 1986 609 2058 praetore
636 1995 716 2047 esse,
749 1978 907 2041 vociferari
931 1980 1036 2040 vicisse

80 2051 232 2132 Romanos,
264 2058 419 2123 defunctos
445 2061 575 2125 consulis
599 2062 675 2134 fato,
707 2061 806 2123 Gallos
831 2064 1065 2144 Samnitesque4

10 2166 12 2219 j
81 2137 198 2207 Telluris
212 2145 319 2208 matris
337 2164 371 2207 ao
387 2146 511 2209 deorum
526 2149 657 2210 manium
674 2165 753 2216 esse:
775 2166 882 2226 rapere
900 2146 937 2208 ad
952 2165 984 2208 se
1002 2165 1037 2210 ac

9 2242 11 2311 j
80 2240 176 2290 vocare
186 2229 312 2291 Decium
326 2230 460 2293 devotam
475 2250 576 2294 secum
587 2233 695 2303 aciem,
711 2230 914 2311 furiarumque
926 2248 960 2292 ac
974 2231 1035 2292 for·

9 2348 10 2351 =
79 2309 189 2374 midinis
203 2313 294 2394 plena
309 2315 408 2377 omnia
425 2315 461 2377 ad
476 2317 576 2378 hostes
592 2334 666 2378 esse.
703 2316 915 2394 superveniunt
930 2314 1065 2377 deindec

9 2472 10 2477 ἵ
80 2390 120 2456 his
134 2398 357 2461 restituentibus
377 2418 507 2480 pugnam
523 2400 556 2461 L.
574 2399 729 2462 Cornelius
751 2399 850 2478 Scipio
865 2406 895 2461 et
912 2399 943 2463 C.
958 2400 1036 2462 lilar-

81 2479 135 2540 cius
149 2500 216 2545 oum
232 2481 372 2545 subsidiis
387 2503 423 2545 ex
445 2486 604 2546 norissima
624 2486 686 2545 acie
707 2485 788 2545 iussu
811 2481 846 2555 Q.
861 2483 944 2546 Fabii
966 2502 1036 2546 con·

81 2561 144 2624 sulis
159 2566 195 2627 ad
216 2567 399 2648 praesidium
421 2566 551 2646 collegae
574 2569 665 2629 missi.
703 2566 745 2627 ibi
766 2566 884 2628 auditur
904 2568 937 2629 P.
952 2567 1036 2630 Decii

82 2657 202 2723 eventus,
214 2654 321 2731 ingens
332 2651 489 2714 hortamen
501 2651 643 2714 adomnia
654 2668 710 2730 pro
720 2669 754 2711 re
764 2649 1034 2730 publicaaudenda.

81 2729 171 2812 itaque
194 2755 263 2798 curn
279 2735 355 2799 Galli
376 2738 495 2799 structis
515 2744 584 2798 ante
604 2754 636 2799 se
656 2737 747 2799 scutis
769 2735 896 2798 conferti
913 2744 1065 2809 starentd

82 2830 131 2877 neo
147 2817 240 2881 facilis
258 2822 334 2901 pede
349 2821 465 2883 conlato
482 2820 630 2883 rideretur
646 2839 759 2902 pugna,
775 2823 856 2883 iussu
871 2819 1036 2902 legatorum

83 2899 206 2965 conlecta
221 2905 305 2966 humi
319 2905 393 2986 plia,
409 2924 484 2987 quae
499 2913 590 2969 strata
604 2907 684 2969 inter
700 2906 772 2970 duas
792 2908 871 2968 acies
889 2906 1035 2976 iacebant,

84 2990 161 3063 alque
183 2990 215 3048 in
236 2990 415 3054 testudinem
434 2992 563 3053 hostiurn
587 2993 730 3053 coniecta.
765 2990 873 3072 quibus
886 2989 1065 3071 plerisquer
1126 3064 1127 3067 Ἴ

82 3064 109 3125 ln
124 3080 204 3133 scuta
225 3074 301 3135 raris
321 3076 352 3136 in
373 3093 499 3154 corpora
517 3077 581 3156 ipsa
600 3075 666 3139 fixis
691 3077 834 3138 sternitur
849 3092 973 3144 cuneus,
995 3076 1037 3135 ita
1126 3072 1127 3115 Τ

83 3158 111 3208 ut
126 3171 231 3234 magns
254 3177 325 3238 pars
345 3161 469 3238 integris
491 3158 666 3238 corporibus
693 3159 810 3221 attoniti
835 3156 1036 3221 conciderent.

83 3231 150 3297 haec
170 3241 200 3302 in
221 3243 341 3305 sinistro
363 3263 457 3306 cornu
487 3243 688 3305 Romanorum
721 3242 839 3304 fortuna
864 3243 1036 3306 variaverat.
1125 3246 1126 3319 J

84 3315 182 3396 Fabius
201 3326 233 3387 in
254 3327 357 3390 dextro
378 3331 490 3409 primo,
513 3335 545 3390 ut
568 3327 767 3389 antedictum
790 3334 849 3399 est,
873 3328 1066 3391 cunonndos
1123 3332 1126 3407 j

85 3410 243 3497 extraxerat
257 3411 349 3484 diem;
367 3413 449 3484 dein,
468 3419 623 3495 postquam
639 3429 694 3474 neo
709 3412 822 3474 elamor
836 3413 965 3475 hostium
980 3430 1036 3474 nec
1123 3428 1125 3487 j

84 3498 201 3566 superus
217 3513 271 3558 nec
290 3497 349 3561 tela
363 3500 452 3561 missa
466 3497 591 3560 eandem
606 3498 665 3560 rim
679 3497 790 3561 babere
805 3499 881 3572 risa,
901 3497 1065 3581 praefer-i
1124 3514 1125 3563 ss

765 3586 831 3651 η*
1123 3656 1125 3701 r

1038 3880 1124 3892 4—-
