2396 3920
109 189 151 250 20
260 202 354 244 urens
364 202 410 245 vn
437 198 507 245 oar.
525 189 568 246 10.
583 189 627 245 00.
644 179 726 263 [nu.
742 202 768 245 c.
779 188 843 244 400.
854 177 916 263 401]

76 350 321 430 2010000010οι
338 348 375 410 de
390 347 579 421 Tiburtibus,
601 349 731 430 alioquin
751 350 832 411 mitis
857 350 979 410 victoria
1001 349 1070 415 init.

110 437 140 496 in
160 434 390 513 Tarquinienses
410 433 516 495 acerbe
538 435 695 495 saevitum:
718 432 818 494 multis
840 431 1014 496 mortalibus
1035 435 1071 496 in

110 520 172 581 acie
190 520 282 579 caesis
298 535 334 578 ex
353 520 466 594 ingenti
489 520 671 598 captivorum
692 535 817 579 numero
837 518 964 579 trecenti
982 519 1072 597 quin·

110 604 247 682 quaginta
264 609 330 663 octo
350 601 472 672 delecti,
489 600 687 663 nobilissimus
707 603 847 682 quisque,
870 603 922 679 qui
943 599 1071 663 Romam

78 694 94 749 3
110 688 313 755 01110000000;
328 685 429 764 volgus
445 683 521 746 aliud
533 684 723 747 trucidatum.
752 683 949 765 0000000100
961 686 994 745 in
1005 703 1069 756 eos,

109 771 160 850 qui
176 771 259 830 missi
272 770 396 831 Romam
412 777 506 840 erant
521 771 622 831 mitior
637 769 704 831 luit:
732 768 831 830 medio
841 770 873 829 in
885 768 949 829 loro
965 786 1072 833 omnes

108 856 198 933 virgis
213 854 291 915 caesi
307 872 342 915 ac
363 854 460 915 securi
479 855 621 933 percussi.
651 853 682 913 id
695 871 751 933 pro
770 851 928 915 immolatis
948 853 981 912 in
1003 851 1072 915 loro

77 949 93 996 4
108 938 396 1017 Tarquininiensium
407 936 547 998 Romanis
562 954 675 1016 poenae
691 936 824 999 hostibus
834 936 993 999 redditum.
1019 954 1072 998 res

107 1021 186 1081 bello
202 1019 279 1081 bene
291 1029 406 1098 gestae,
421 1028 454 1082 ut
465 1021 611 1082 Samnites
622 1038 739 1101 quoque
754 1021 910 1082 amicitiam
922 1029 1071 1100 peterent,
1092 1098 1097 1105 ‚

109 1104 280 1164 effecerunt
312 1103 416 1182 legatis
439 1122 543 1166 eorum
561 1107 685 1167 comiter
706 1104 742 1165 ab
756 1112 859 1167 senatu
876 1120 1071 1185 responsum

76 1197 93 1247 0
108 1188 228 1248 loedere
242 1188 273 1247 in
288 1188 457 1248 societatem
477 1189 599 1268 accepti.
630 1188 696 1251 Nou
710 1188 813 1251 eadem
828 1189 907 1248 domi
922 1206 997 1268 quaa
1012 1191 1073 1250 mi·

108 1271 187 1332 litiae
203 1271 320 1331 fortuna
336 1278 400 1331 erat
414 1270 494 1351 plebi
508 1271 667 1333 Romanae.
699 1290 767 1334 narn
783 1274 838 1334 etsi
859 1273 991 1334 unciario
1006 1273 1072 1335 iae·
1175 1330 1184 1353 ,

107 1372 181 1436 nore
195 1354 272 1416 iacto
288 1353 380 1416 levata
401 1373 492 1416 usura
515 1363 590 1426 erat,
614 1363 694 1415 sorte
716 1358 779 1436 ipsa
799 1354 1001 1419 obruebantur
1020 1358 1072 1418 in-

108 1458 180 1520 opes
194 1455 363 1519 nexumque
381 1437 512 1501 inibant:
538 1456 575 1499 eo
593 1457 648 1500 nec
663 1439 804 1519 patricios
828 1439 915 1501 ambo
933 1439 1073 1503 consules

109 1542 205 1604 neque
228 1525 413 1585 comitiorum
434 1540 536 1584 curam
556 1521 709 1602 publicave
736 1523 831 1585 studia
856 1542 928 1604 prae
947 1525 1073 1604 privatis
1188 1567 1189 1570 κ

76 1617 92 1668 0
107 1607 304 1668 incommodis
315 1605 399 1686 plebs
410 1606 447 1667 ad
459 1609 588 1669 animum
605 1604 785 1668 admittebat.
807 1607 975 1669 consulatus
985 1616 1071 1669 uter-

107 1709 164 1769 que
181 1690 260 1770 apud
273 1692 413 1769 patricios
426 1698 541 1758 manet;
560 1688 696 1751 consules
707 1692 799 1752 creati
810 1691 840 1752 C.
854 1690 1000 1769 Sulpicius
1010 1690 1071 1752 Pe-

107 1777 183 1835 ticus
198 1780 336 1852 quartum
349 1772 387 1835 Μ.
402 1771 534 1833 Valerius
546 1771 700 1847 vPublicola
714 1774 833 1836 iterum.

170 1857 203 1917 ln
214 1854 324 1917 bellum
339 1856 495 1917 Etruscum
508 1858 650 1918 intentam
663 1857 824 1933 civitatem,
841 1860 909 1939 qula
921 1859 1071 1921 Caeritem

106 1940 249 2021 populum
258 1940 460 2002 misericordia
475 1941 734 2018 consanguinitatis
741 1942 1001 2022 Tarquiniensibus
1014 1944 1070 2004 ad·

105 2027 239 2086 iunctum
256 2025 332 2086 lama
347 2023 476 2094 larebat,
492 2024 581 2102 legati
591 2025 687 2086 Latini
701 2024 737 2086 ad
748 2024 868 2093 Volscos
882 2034 1068 2099 convertere,

107 2110 275 2171 nuntiantes
297 2110 457 2170 exercitum
484 2109 684 2188 conscriptum
704 2118 907 2190 armatumque
927 2112 985 2172 iam
1004 2113 1070 2172 suis

107 2192 213 2254 finibus
233 2193 394 2264 inminere,
411 2192 482 2254 inde
496 2191 719 2272 populabundos
739 2195 771 2253 in
784 2211 887 2273 agrum
901 2194 1070 2266 Romanum

74 2280 244 2338 tventuros
256 2294 329 2338 esse.
354 2278 693 2355 censuitigitursenatus
705 2284 841 2339 neutram
852 2276 1068 2357 neglegendam

107 2379 171 2422 rem
187 2378 265 2429 esse:
281 2367 407 2441 utroque
418 2360 550 2439 legiones
565 2358 659 2423 scribi
672 2361 865 2443 consulesque
880 2363 981 2422 sortiri
996 2379 1070 2440 pro·

73 2446 215 2506 80100100
229 2447 323 2506 iussit.
344 2444 496 2506 inclinarit
505 2444 612 2505 deinde
625 2463 695 2524 pars
709 2446 802 2507 maior
817 2447 948 2507 curaeio
961 2445 1069 2506 Etrus-

92 2528 313 2600 cumbelum,
329 2537 484 2611 postquam
499 2528 605 2591 litteris
622 2527 745 2607 Sulpicii
762 2528 906 2599 consulis,
930 2528 1070 2592 001Το-

105 2614 199 2694 quinii
212 2614 515 2691 provinciaevenerat,
528 2614 678 2691 cognitum
685 2620 730 2674 est
741 2611 949 2693 depopulatum
961 2630 1069 2691 agrum

105 2698 184 2755 circa
195 2696 342 2757 llomanas
356 2697 462 2758 salinas
474 2696 660 2785 praedaeqqe
665 2705 780 2776 partem
791 2698 823 2757 10
830 2696 977 2759 Caeritum
991 2697 1071 2758 lines

105 2786 249 2847 avectam,
266 2786 295 2839 et
308 2778 386 2840 haud
399 2778 486 2839 dubie
496 2781 676 2841 iuventutem
688 2780 751 2841 eius
766 2780 867 2861 populi
886 2781 965 2845 inter
978 2799 1070 2862 prae-

73 2866 91 2918 o
105 2863 222 2924 datores
236 2862 336 2923 inisse.
358 2865 457 2942 itaque
473 2862 621 2924 Valerium
637 2863 803 2936 consulem,
818 2864 930 2929 Volscis
946 2867 1070 2945 opposi-

104 2955 166 3006 tum
179 2953 332 3024 castraque
344 2946 380 3009 ad
394 2948 484 3008 finem
496 2946 695 3008 Tusculanum
707 2948 880 3019 habentem,
895 2957 1071 3012 revocatum

64 3029 174 3091 101000
187 3039 305 3091 senatus
321 3032 494 3093 dictatorem
507 3030 606 3092 dicere
615 3033 709 3093 iussit.
732 3033 766 3093 Τ.
779 3032 918 3094 blanlium
927 3032 962 3095 L.
973 3032 1072 3094 tilium

105 3115 186 3176 dixit.
216 3115 326 3176 100000
343 3115 399 3176 sibi
417 3117 591 3194 magistrum
611 3117 742 3196 equitum
759 3119 792 3177 Α.
808 3116 978 3178 Cornelium
992 3117 1070 3178 Cos—

105 3215 170 3258 sum
186 3197 322 3269 dixisset,
344 3199 491 3261 consulari
508 3200 638 3259 exercitu
656 3207 812 3261 contentus
833 3219 869 3262 ex
891 3202 1072 3263 auctoritate

73 3287 87 3339 1
104 3288 221 3360 patrum
228 3299 262 3341 ao
274 3283 375 3364 populi
386 3285 467 3344 iussu
474 3282 639 3343 Caeritibus
649 3283 759 3346 bellum
770 3283 885 3346 indixit.
908 3283 969 3345 xx.
987 3284 1072 3349 rum

104 3365 233 3443 primum
250 3364 394 3437 Caerites,
418 3383 566 3446 tamquam
586 3368 618 3426 in
636 3367 734 3429 verbis
755 3368 882 3429 hostium
904 3369 948 3428 ris
968 3371 1072 3431 maior

107 3446 141 3507 ad
159 3444 269 3508 bellum
283 3450 507 3527 significandum
522 3468 610 3530 quam
629 3452 661 3511 in
678 3452 739 3512 suis
753 3452 851 3521 iactis,
875 3454 926 3532 qui
940 3469 995 3531 per
1010 3471 1072 3532 po·
1158 3452 1159 3455 ’
