2280 3926
275 248 368 290 orsus
383 251 414 291 x.
431 248 499 291 cnr.
512 236 555 291 30.
571 236 614 290 at.
634 227 673 311 [o.
690 229 724 292 O.
739 228 801 313 295]
960 235 1020 300 181

82 401 185 455 renum
213 414 229 456 a
253 394 397 475 Paelignis
425 405 484 467 osu
513 415 549 459 ex
575 397 694 460 milibus
720 400 849 478 quinque
876 400 913 461 ad
941 398 1021 462 mille

81 496 155 539 caess.

132 563 232 642 Magna
246 565 307 626 eius
323 563 396 634 diei,
414 583 471 644 quo
482 567 513 625 iu
526 565 671 628 Sentinati
684 584 756 645 agro
771 567 927 642 bellatum,
944 570 1048 631 lamae

16 684 17 689 κ
79 656 116 707 est
131 647 212 709 mam
235 665 303 709 vero
324 650 427 718 stanti;
450 649 503 710 sed
527 651 716 728 superiecere
741 651 860 731 quidam
886 654 1020 731 augendo

16 730 18 773 ἱ
78 731 168 801 fldem,
190 734 240 811 qui
263 734 293 792 iu
317 731 446 795 hostium
468 734 599 794 exercitu
612 733 744 814 peditum
762 733 880 796 deciens
896 743 1048 798 centense

78 814 154 887 mdia,
168 818 297 897 equiturn
309 834 361 877 ses
373 817 602 897 etquadraginta
615 817 704 888 milio,
719 818 800 880 mille
812 826 1020 900 carpentorum

77 901 210 980 scripsere
224 900 328 971 inisse,
350 900 463 962 scilieet
484 919 551 962 oum
566 902 684 964 Umbris
704 904 880 984 Tuscisque,
900 922 973 984 quos
991 911 1046 967 eto

14 1004 16 1061 j
76 985 145 1063 ipsos
158 1003 273 1065 pugnae
287 984 430 1055 adluisse;
447 993 476 1046 et
490 992 523 1047 ut
533 986 735 1050 Romanorum
745 1006 862 1069 quoque
878 997 1021 1069 augerent

76 1070 176 1148 copias,
191 1070 223 1130 L.
236 1069 422 1130 Volumnium
435 1088 489 1150 pro
502 1069 622 1132 consule
639 1071 743 1133 ducem
755 1071 924 1135 consulibus
936 1090 1019 1134 exer·

15 1202 16 1205 ,
76 1154 210 1233 citumque
226 1155 290 1215 eius
312 1151 477 1232 legionibus
492 1154 647 1216 consulum
663 1156 802 1219 adiciunt.
838 1160 869 1221 in
885 1156 1047 1239 pluribus⁷

14 1250 16 1253 ·
76 1236 216 1299 annalibus
239 1237 366 1298 duorum
388 1256 422 1299 ea
436 1238 590 1301 consulum
612 1242 732 1320 propria
751 1243 872 1304 victoria
888 1250 945 1313 est,
962 1242 1018 1303 Vo-

76 1316 190 1384 lumnius
205 1325 237 1383 in
250 1322 370 1384 Samnio
382 1323 500 1384 interim
514 1340 564 1384 res
579 1324 669 1402 gerit,
689 1325 921 1406 Samnitiumque
936 1344 1019 1388 exer·

76 1405 153 1467 citum
166 1407 198 1468 in
212 1407 370 1469 Tifernum
383 1415 514 1468 montem
530 1406 702 1488 conpulsum
718 1425 776 1469 noo
793 1408 950 1471 deterritus
964 1410 1020 1479 ini·

75 1489 171 1569 qrritate
188 1491 246 1553 loci
262 1489 360 1552 fundit
371 1490 521 1571 fugatque.

14 1640 15 1655 1
128 1574 1048 1655 Q.Fabiuslieeiaooexerciturelictoinlitruriaepraesidioe

14 1690 15 1693 κ
75 1659 126 1720 suis
145 1658 309 1738 legionibus
331 1657 463 1720 deductis
482 1659 519 1720 ad
541 1658 646 1720 urbem
669 1659 706 1720 de
721 1658 812 1720 Gallis
831 1658 1020 1737 Etruscisque

74 1757 102 1802 oc
116 1743 295 1805 Samnitibus
315 1742 513 1823 triumpharit.
550 1742 658 1804 milites
678 1744 911 1823 triumphantem
928 1744 1048 1804 secutis

13 1878 14 1883 ,
74 1835 140 1888 sunt.
177 1827 327 1889 celebrata
360 1827 517 1888 inconditis
539 1828 719 1891 carminibus
747 1824 934 1889 'militaribus
959 1845 1019 1888 non

11 1946 12 1971 ;
73 1913 154 1989 magis
169 1913 292 1974 victoria
307 1911 342 1983 Q.
357 1909 442 1972 Fabii
457 1930 545 1993 quam
560 1930 641 1973 mors
655 1912 807 1992 praeclara
821 1911 853 1974 P.
870 1912 952 1974 Decii
967 1919 1019 1982 est,

11 2002 12 2009 ’
74 1996 245 2077 excitataque
265 1995 408 2056 memoria
423 1998 554 2075 parentis
569 2004 691 2078 aequata
706 2003 811 2058 eventu
824 1995 942 2076 publico
959 1999 1020 2077 pri·

72 2085 185 2159 ratoque
202 2080 245 2142 fili
263 2078 405 2140 laudibus.
433 2080 500 2141 data
517 2099 553 2141 ex
564 2081 674 2160 praeda
689 2080 830 2142 militibus
845 2081 922 2141 aeris
936 2087 1017 2140 uoto·
1033 2087 1064 2138 ιο

10 2160 12 2241 ζ
73 2165 133 2236 geni
147 2164 209 2247 bini
223 2164 352 2243 sagaque
370 2170 400 2224 et
411 2165 543 2233 tunicae,
567 2166 698 2244 praemia
712 2164 762 2225 illa
777 2168 951 2245 tempestate
965 2165 1020 2222 mi·

71 2240 146 2308 litiae
155 2249 382 2328 haudquaquam
393 2248 569 2327 spernenda.
1001 2252 1022 2264 ‘'

10 2352 11 2401 1
126 2330 225 2396 xxxi.
254 2331 306 2393 llis
326 2330 367 2393 ita
387 2331 478 2392 rebus
498 2333 588 2410 gestis
611 2321 666 2392 nec
686 2333 717 2390 in
732 2328 911 2392 Samnitibus
926 2329 1048 2391 adhucl
1127 2336 1128 2385 1

73 2428 121 2473 oeo
133 2417 164 2476 in
178 2416 298 2478 Etruria
312 2433 370 2494 pax
385 2423 461 2476 erat:
483 2434 550 2476 nam
567 2422 596 2475 et
607 2415 758 2476 Perusinis
772 2413 941 2476 auctoribus
955 2421 1022 2494 post

72 2494 221 2562 deductum
236 2498 274 2560 ab
287 2497 409 2561 consule
419 2500 581 2559 exercitum
592 2496 766 2559 rebellatum
778 2498 881 2568 iuerat,
898 2505 927 2557 et
939 2497 1050 2559 Sam-2
1126 2540 1127 2543 ,

73 2580 141 2642 nites
158 2582 334 2662 praedatum
360 2584 391 2643 in
418 2598 522 2660 agrum
545 2582 701 2642 Vescinum
722 2580 971 2659 Formianumque
993 2589 1023 2640 et
1126 2580 1127 2603 ³

71 2672 147 2738 parte
162 2667 218 2729 alia
242 2669 273 2727 in
293 2666 487 2728 Aeserninum
504 2683 636 2746 quaeque
651 2663 793 2725 Vulturno
812 2663 946 2725 adiacent
967 2664 1021 2725 llu-
1125 2698 1126 2747 p

72 2747 137 2808 mini
152 2749 342 2813 descendere.
372 2749 510 2812 adversus
525 2767 575 2810 eos
594 2749 648 2829 Ap.
664 2746 801 2811 Claudius
818 2755 939 2829 praetor
954 2755 1050 2810 cuma

73 2834 195 2896 exercitu
217 2835 345 2896 Deciano
368 2835 484 2899 missus.
525 2833 633 2895 Fabios
658 2833 690 2893 io
717 2833 835 2897 Etruria
860 2832 1022 2895 rebellante
1123 2872 1125 2877 ι

74 2910 162 2977 denuo
177 2925 316 2998 quattuor
336 2917 417 2979 milia
439 2925 469 2978 et
489 2919 664 2998 quingentos
677 2916 889 2979 Perusinorum
904 2916 1021 2985 occidit,
1124 2930 1125 3003 j

74 2999 145 3075 cepit
155 3000 192 3062 ad
205 3001 286 3065 mille
297 3004 499 3081 septingentos
513 3001 719 3082 quadraginta,
737 3004 787 3082 qui
801 3000 947 3079 redempti
962 3003 1021 3061 sin·
1033 3008 1051 3056 4
1122 3008 1125 3065 t

74 3078 128 3155 guli
147 3087 225 3145 aeris
246 3087 388 3147 trecentis
409 3084 528 3156 decem;
540 3086 662 3165 »praeda
685 3084 741 3146 alis
764 3087 860 3146 omnis
880 3082 1022 3143 militibus
1123 3128 1124 3147 t

74 3177 218 3229 concessa.
249 3169 424 3231 Samnitium
441 3168 586 3248 legiones,
602 3174 798 3247 comportem
814 3167 867 3246 llp.
886 3164 1051 3228 Claudiusb

75 3256 201 3321 praetor,
219 3260 331 3332 partem
347 3254 381 3315 L.
398 3252 570 3315 Volumnius
587 3270 642 3333 pro
658 3250 780 3313 consule
794 3256 975 3329 sequeretur,
992 3253 1022 3311 in
1121 3278 1123 3317 2

75 3343 171 3405 agrum
192 3334 340 3399 Stellatem
368 3344 579 3398 convenerunt.
622 3336 664 3397 ibi
685 3342 715 3396 et
732 3335 905 3397 Samnitium
921 3353 1024 3396 omnes

77 3414 225 3480 considunt
245 3429 274 3483 et
302 3422 412 3502 Appius
439 3421 667 3501 Volumniusque
703 3428 799 3481 castra
832 3422 1023 3498 coniungunt.

75 3507 228 3570 lignatum
243 3504 442 3568 iniustissimis
456 3507 577 3579 animis,
593 3505 662 3568 binc
681 3506 726 3568 ira
738 3504 907 3568 stimulante
923 3503 1053 3566 adver-6
1120 3510 1122 3547 ἰ

1121 3172 1124 3273 l

1120 3362 1123 3501 l

1118 3550 1122 3717 l

1061 3730 1121 3886 l
