2396 3920
296 230 392 275 umus
404 232 461 279 vn.
481 196 550 276 oab.
570 220 613 276 30.
631 211 671 295 [e.
688 214 723 278 0.
738 214 800 299 343]
988 223 1026 285 31

73 379 254 460 humanaque
270 377 385 457 indigni
398 379 557 442 videamur.
589 398 684 461 neque
699 381 838 453 hercule,
854 382 932 463 quod
945 384 1027 446 Sam·
1040 392 1057 443 t

71 464 135 524 nites
150 466 277 543 priores
294 462 383 523 amici
406 464 535 543 sociique
550 462 632 526 vobis
650 465 719 525 lacti
734 473 814 536 sunt,
836 466 915 527 adid
932 466 1028 529 valere

68 544 205 618 arbitror,
223 565 266 607 ne
284 563 340 605 nos
356 546 388 605 ln
397 547 554 607 amicitiam
569 549 762 631 accipiamur,
778 548 830 610 sed
841 556 874 610 nt
886 557 1028 612 vetustate

66 637 91 689 et
115 629 213 708 madan
245 628 372 691 honoris
397 647 452 690 nos
479 638 645 710 praestent:
675 649 771 711 neque
798 633 876 692 enirn
907 632 1027 695 loedere

64 713 257 784 Samnitium,
280 729 391 792 nequa
412 730 486 775 nova
505 715 666 793 iungeretis
684 715 817 787 loedere,
839 724 957 778 cautum
974 725 1027 779 est.

62 797 110 858 luit
131 797 262 878 quidem
284 797 363 875 apud
377 813 428 857 ros
450 812 568 877 semper
588 800 657 860 satis
676 800 751 861 iusta
767 816 852 860 causa
874 801 1056 870 amicitiast

61 880 131 941 velle
153 899 230 943 enm
246 878 330 940 vobis
350 881 478 941 amicum
502 899 580 952 esse,
604 884 656 961 qul
675 902 727 945 vos
746 888 912 962 appeteret·
945 882 1057 943 Cam-d

61 965 140 1043 pani,
156 966 220 1026 etsi
236 964 355 1025 fortuna
369 980 511 1044 praesens
525 966 678 1044 magnilica
693 964 774 1047 loqui
789 964 941 1044 prohibet,
968 983 1027 1026 non

62 1048 139 1109 urbis
155 1046 373 1127 amplitudine,
394 1064 455 1108 non
470 1050 534 1127 agri
547 1047 683 1112 ubertate
704 1049 756 1112 ulli
770 1047 879 1130 populo
895 1055 1027 1131 practer·

64 1149 150 1211 quam
172 1130 267 1192 robis
284 1129 439 1202 cedentes,
462 1131 540 1193 haud
561 1148 665 1210 parva,
688 1141 720 1195 ut
735 1132 878 1205 arbitror,
899 1134 1027 1195 accessio

63 1215 147 1277 bonis
159 1215 257 1276 rebus
272 1216 377 1277 restria
390 1215 422 1275 iu
433 1216 589 1276 amicitiam
605 1217 739 1279 venimus
752 1224 889 1278 vestram.
921 1216 1055 1296 lequisr

65 1296 253 1380 Volscisque,
270 1299 398 1359 aeternls
411 1297 545 1362 hostibus
559 1300 645 1361 huius
662 1301 760 1371 urbis,
783 1302 1027 1381 quandocumque

69 1400 99 1442 se
119 1383 282 1453 moverint,
314 1380 350 1442 ab
378 1389 461 1461 tergo
485 1383 595 1443 erimus
617 1392 660 1454 et,
682 1383 762 1462 quod
783 1401 834 1444 vos
852 1400 909 1462 pro
934 1382 1027 1444 salute

72 1472 171 1525 nostra
184 1467 298 1543 priores
313 1465 458 1537 feceritis,
475 1465 505 1526 id
517 1484 572 1526 nos
581 1484 636 1546 pro
646 1467 773 1544 imperio
784 1474 881 1526 vestro
893 1472 922 1526 ct
934 1465 1027 1543 gloria

75 1564 194 1626 semper
213 1547 356 1611 iaciemus.
390 1546 519 1610 subactls
539 1547 586 1609 his
606 1547 756 1627 gentibus,
783 1564 858 1627 quae
879 1549 957 1608 inter
974 1555 1056 1607 nos8

73 1647 181 1712 ruspare
197 1638 274 1702 sunt,
291 1631 371 1712 quod
385 1648 478 1715 prope
502 1632 580 1694 diem
592 1633 727 1694 futurum
742 1631 869 1712 spondet
883 1637 913 1692 et
936 1632 1027 1691 virtus

69 1721 98 1775 ct
110 1716 231 1776 iomuna
241 1720 352 1787 restra,
370 1718 524 1778 continens
537 1711 695 1797 imperinm
711 1733 804 1795 usqne
818 1714 856 1776 ad
867 1731 921 1775 nos
936 1712 1026 1775 habe·

66 1798 143 1861 bitis.
175 1798 317 1861 acerbum
332 1817 368 1861 ac
381 1800 521 1862 miserum
545 1809 603 1872 est,
626 1800 705 1881 quod
726 1800 813 1861 lateri
833 1817 888 1860 nos
908 1799 1053 1861 fortunat)

14 1926 15 1931 η
67 1890 168 1946 nostra
186 1885 281 1962 cogit:
311 1891 486 1945 sorentum
507 1891 567 1955 est,
592 1893 692 1965 patres
719 1884 892 1964 conscripti,
918 1890 951 1946 ut
978 1890 1028 1945 aut

67 1969 231 2029 amicornm
246 1973 297 2029 aut
316 1967 504 2029 inimicorum
521 1968 662 2049 Campani
681 1970 781 2030 simus.
818 1968 844 2027 si
858 1966 1070 2038 deiendltis,10

67 2051 168 2122 vestri,
192 2050 388 2121 sideseritis,
412 2051 587 2114 Samnitium
606 2053 730 2123 erimus3
753 2052 884 2133 Capuam
905 2067 977 2128 ergo
998 2058 1028 2110 et

69 2135 261 2214 Campaniam
281 2151 400 2196 omnem
420 2138 525 2196 vestris
544 2154 582 2198 an
604 2137 779 2198 Samnitium
806 2134 916 2196 viribus
943 2151 1026 2193 acce-

67 2217 138 2280 dere
152 2216 278 2290 malitis,
300 2216 470 2280 deliberate.
502 2220 639 2281 omnibus
659 2219 794 2300 quidem,
816 2217 957 2286 Romani,
978 2224 1067 2276 vae-11

65 2309 158 2363 stram
185 2301 420 2363 misericordiam
449 2310 636 2384 vestrumque
666 2302 805 2366 auxillum
832 2318 958 2382 aequum
983 2308 1028 2361 est

65 2393 183 2465 patere,
203 2386 241 2446 iis
255 2392 354 2447 tamen
369 2388 509 2457 maxime,
531 2389 597 2467 qui,
621 2386 709 2449 iidem
726 2384 942 2465 inplorantibus
963 2382 1026 2445 aliis

66 2468 208 2531 auxilinm
224 2468 294 2530 dum
311 2486 400 2550 supra
414 2471 490 2532 vires
504 2488 571 2533 suas
584 2478 748 2552 praestant,
767 2476 836 2529 ante
851 2482 954 2528 omnes
970 2469 1027 2546 ipsi

66 2555 97 2614 in
113 2552 193 2614 banc
214 2553 419 2615 necessitatem
437 2562 591 2616 venerunt,
632 2569 810 2632 quamquam
830 2551 1024 2693 pnffiarimus
1035 2558 1069 2607 12

66 2635 158 2698 verbo
168 2655 225 2717 pro
237 2635 383 2707 Sidicinis,
399 2656 432 2698 re
443 2656 498 2717 pro
509 2635 603 2708 nobis,
616 2653 682 2696 cum
694 2635 860 2697 rideremus
912 2632 1026 2693 itimum

66 2718 209 2800 populum
226 2719 341 2783 nerano
355 2721 509 2783 latrocinio
524 2719 699 2785 Samnitium
713 2718 774 2798 peti
790 2722 833 2789 et,
850 2715 902 2780 ubi
917 2716 1027 2778 contla·

67 2812 203 2883 grassent
214 2802 352 2878 Sidicini,
368 2806 404 2867 ad
416 2824 470 2867 nos
484 2807 675 2868 traiecturum
686 2802 758 2866 illud
768 2802 938 2865 incendium
952 2820 1025 2862 esse.

67 2904 122 2949 nec
139 2889 220 2951 enim
235 2906 329 2959 nnnc,
351 2891 420 2969 quia
435 2889 536 2951 dolent
551 2890 688 2953 iniuriam
706 2894 856 2966 acceptam
870 2887 1024 2956 Samnites,
1037 2891 1070 2943 13

67 2971 119 3033 sed
134 2974 203 3053 quia
219 2973 349 3051 gandent
370 2971 498 3035 oblatam
518 2973 574 3036 sibi
592 2991 656 3034 esse
672 2990 805 3041 causam,
827 2977 1026 3051 oppugnatum
1087 3052 1090 3056 A

67 3073 122 3116 nos
136 3057 269 3119 veniunt.
301 3075 354 3127 an,
374 3059 401 3118 si
415 3056 488 3119 ultio
509 3059 572 3120 irae
596 3057 670 3119 haec
693 3062 723 3118 et
739 3074 799 3117 non
814 3058 929 3118 occasio
945 3053 1027 3130 cupi·
1038 3058 1067 3109 la

66 3137 167 3203 dnus
183 3139 346 3220 explendae
362 3150 453 3213 esset,
475 3159 581 3222 parurn
606 3116 774 3219 luit,⁸quod
796 3139 888 3201 semel
902 3140 933 3197 in
951 3133 1026 3196 Sidi·

66 3223 136 3285 clnc
150 3240 238 3302 agro,
254 3225 362 3287 iterum
376 3227 407 3286 in
420 3225 578 3305 Campania
593 3227 656 3306 ipsa
671 3223 804 3302 legiones
819 3229 935 3283 nostras
950 3219 1026 3279 ceci·

65 3305 162 3368 derel
191 3322 269 3388 quac
286 3317 332 3370 est
345 3310 400 3372 ista
415 3315 475 3371 tam
489 3311 595 3371 infesta
610 3311 670 3378 ira,
690 3324 778 3386 qnam
793 3323 849 3386 per
863 3305 936 3367 duas
949 3303 1027 3364 acies
1037 3308 1069 3360 15

67 3388 150 3454 linus
163 3393 284 3471 sanguis
299 3391 418 3472 explere
433 3410 493 3453 nou
515 3391 660 3473 potueritl
691 3389 765 3450 adde
784 3389 842 3450 huc
862 3386 1026 3468 populatio-

68 3491 137 3536 nem
158 3492 315 3553 agrorum,
343 3475 469 3553 praedas
487 3477 640 3537 hominum
661 3480 749 3552 atque
772 3472 918 3551 pecudum
938 3474 1026 3534 actas,
