2396 3920
49 286 52 293 .
145 237 185 299 42
289 252 383 293 urana
397 251 452 294 vu.
470 250 539 294 oua.
556 236 598 290 ³8.
615 237 657 291 39.
674 226 952 312 [aecclisia]

146 400 288 461 memoria
303 400 431 481 patriae:
447 398 658 477 inibanturque
673 397 794 459 consilia
808 399 840 459 in
854 396 987 458 hibernis
1002 397 1114 460 eodem

145 483 259 545 scelere
280 484 453 546 adimendae
474 483 632 563 Campanis
653 481 784 561 Capuae,
806 499 861 562 per
877 479 956 562 quod
976 480 1021 543 illi
1042 499 1113 542 eam

113 572 131 626 o
145 569 273 648 antiquis
285 567 447 630 cultoribus
459 567 652 628 ademissent:
669 582 765 646 neque
774 567 914 627 inmerito
925 583 1012 626 suum
1027 567 1113 645 ipso·

145 671 214 713 rum
230 652 397 732 exemplum
413 653 445 711 in
459 667 510 711 eos
527 667 691 711 uersurum.
727 668 780 711 cur
795 658 891 711 autem
909 651 1007 730 potius
1021 648 1114 710 Cam·

146 739 216 817 paui
231 753 335 816 agrum
350 735 451 798 ltaliae
467 733 667 804 uberrimum,
691 732 810 812 dignam
823 752 895 813 agro
912 732 1031 803 urbem,
1057 736 1113 813 qui
1190 740 1198 810 Ἰ

146 839 249 883 nense
265 838 381 882 necsua
397 819 487 881 tutari
500 825 634 899 possent,
650 835 737 897 quam
753 820 846 879 vietor
856 814 1003 879 exercitus
1015 817 1113 878 habe·

147 913 207 976 ret,
223 905 275 985 qul
290 923 343 966 suo
359 903 467 965 sudore
482 919 516 963 ac
528 903 671 981 sanguine
683 901 752 962 inde
763 903 910 965 Samnites
926 900 1111 981 depulisset?

112 996 129 1045 7
145 1007 183 1049 an
198 1007 325 1069 aequum
337 1006 402 1051 essa
420 985 574 1047 dediticios
589 1003 657 1046 suos
672 984 721 1046 ilia
737 984 886 1048 fertilitate
902 993 991 1067 atque
1007 1003 1113 1049 amoe-

146 1074 236 1133 nitate
252 1072 381 1153 perlrui,
396 1089 428 1133 se
439 1069 592 1131 militando
610 1070 702 1130 lassos
719 1071 749 1130 in
762 1068 909 1150 pestilenti
920 1077 1010 1150 atque
1022 1069 1112 1131 arido

146 1157 224 1217 circa
246 1155 351 1217 urbem
374 1154 437 1217 solo
457 1153 564 1216 luctari
585 1161 634 1214 aut
659 1153 689 1213 in
713 1152 788 1215 urbe
812 1152 988 1214 insidentem
1007 1152 1114 1215 tabem

112 1244 130 1296 a
145 1242 306 1300 crescentis
316 1241 347 1300 in
359 1239 422 1300 dies
435 1238 564 1300 laenoris
579 1238 657 1317 patil
678 1237 752 1299 haec
767 1239 873 1316 agitata
895 1237 1019 1299 occultis
1035 1256 1112 1298 con-

144 1323 339 1385 iurationibus
351 1323 476 1385 necdum
488 1321 602 1401 uulgata
613 1323 644 1381 iu
650 1339 753 1382 omnes
764 1320 885 1382 consilia
896 1322 1008 1382 invenit
1014 1338 1113 1382 nomas

144 1407 247 1470 consul
267 1407 297 1470 C.
317 1407 443 1474 Marcius
462 1406 592 1476 Rutilus,
617 1406 663 1466 cui
679 1403 836 1486 Campania
855 1413 935 1466 sorte
957 1406 1114 1486 provincia

145 1499 298 1563 evenerat,
311 1491 475 1564 Q.Sertilio
488 1490 598 1569 collega
611 1489 647 1550 ad
659 1488 763 1550 unbem
781 1487 895 1551 relicto.
924 1491 1024 1569 itaque
1040 1507 1113 1550 eum

111 1579 242 1639 domnia
260 1596 309 1649 ea,
331 1579 407 1640 sieut
421 1584 502 1656 gesta
519 1581 618 1644 eraut,
633 1591 687 1652 per
702 1572 836 1634 tribunos
851 1580 993 1654 conperta
1015 1572 1112 1635 habe·

143 1669 191 1721 ret
216 1669 245 1722 et
260 1669 354 1724 aetate
368 1670 398 1722 et
415 1679 471 1722 usu
482 1659 599 1728 doctus,
611 1657 842 1736 quippequilam
854 1664 992 1738 quartum
1004 1657 1114 1719 consul

144 1753 223 1803 esset
244 1745 429 1824 dictatorque
450 1749 480 1803 et
501 1759 607 1801 censor
623 1738 738 1809 luisset,
757 1747 909 1819 optumum
924 1748 1008 1802 ratus
1022 1739 1113 1802 dilie-

144 1826 238 1887 rendo
259 1845 358 1906 spem,
380 1824 624 1906 quandocumque
644 1822 765 1894 velient,
789 1825 904 1887 consilii
925 1826 1113 1904 exsequendi

144 1908 301 1970 militarem
323 1911 465 1990 impetum
482 1909 632 1979 lrustrari,
649 1925 799 1970 rumorem
816 1908 939 1988 dissipat
952 1910 985 1969 in
1001 1909 1111 1971 iisdem

105 1993 263 2074 sooppidis
284 2001 314 2054 et
329 2012 406 2054 anno
430 1998 497 2073 post
515 1991 662 2072 praesidia
685 1991 890 2055 hibernatura:
916 1993 1008 2057 divisa
1026 1996 1113 2054 enim

145 2085 229 2139 crant
244 2096 298 2158 per
314 2077 491 2157 Campaniae
506 2074 610 2147 urbes,
623 2085 870 2157 manaverantque
887 2096 904 2139 a
919 2078 1019 2159 Capua
1035 2096 1112 2139 con·

145 2161 209 2223 silia
233 2163 448 2231 inexercitum
470 2176 599 2222 omnem.
637 2178 672 2221 co
693 2160 860 2223 laxamento
879 2162 1113 2240 cogitationibus

113 2252 127 2303 l
143 2246 211 2308 dato
226 2248 377 2329 quievitin
388 2245 555 2327 praesentia
566 2245 681 2307 seditio.
724 2245 852 2308 XXXlX.
874 2247 984 2309 Consul
999 2247 1113 2310 educto

144 2331 174 2391 in
190 2332 299 2393 aestiva
315 2330 424 2401 milite,
446 2330 516 2390 dum
532 2331 647 2409 quletos
662 2329 808 2391 Samnites
825 2329 967 2402 babebat,
992 2334 1112 2393 exerci-

144 2421 206 2475 tum
218 2432 347 2494 purgare
353 2412 542 2476 missionibus
554 2411 792 2476 turbulentorum
804 2415 957 2477 hominum
968 2416 1111 2487 instituit,

143 2496 208 2560 aliis
219 2500 342 2561 emerita
354 2498 479 2560 diceudo
493 2499 638 2577 stipendia
650 2516 723 2570 esse,
740 2497 812 2560 alios
822 2515 927 2578 graves
937 2500 998 2562 iam
1009 2508 1111 2562 aetate

110 2590 193 2645 aaut
213 2583 324 2646 viribus
344 2602 450 2665 parum
471 2582 592 2646 validos.
624 2582 742 2663 quidam
758 2584 789 2644 in
810 2591 992 2646 commeatus
1006 2587 1112 2646 mitte·

96 2666 97 2669 ’
143 2666 266 2738 bantur,
285 2669 393 2746 singuli
408 2670 519 2749 primo,
536 2666 643 2729 deinde
660 2675 690 2729 et
706 2666 842 2730 cohortes
857 2667 1019 2748 quaedam,
1037 2671 1112 2748 quia

143 2750 247 2830 procul
261 2752 298 2811 ab
313 2753 401 2812 domo
420 2769 454 2812 ac
470 2750 560 2811 rebus
575 2754 635 2813 suis
655 2751 878 2823 hibernassent:
901 2770 956 2832 per
973 2755 1111 2832 speciem

143 2834 231 2895 etiam
245 2833 414 2896 militarium
426 2852 547 2905 mcum,
564 2853 631 2896 cum
641 2835 690 2896 alii
700 2835 764 2897 alio
779 2838 981 2909 mitterentur,
996 2854 1112 2916 magna
1167 2888 1172 2897 .

110 2924 210 2996 :tpars
220 2915 356 2996 ablegati.
378 2936 464 2998 quam
474 2917 692 2982 multitudinem
700 2920 803 2982 consul
815 2920 890 2983 alter
897 2921 1111 3001 Romaeprae·

110 3008 248 3082 ‹ttorque
270 3001 341 3063 alias
360 3021 397 3064 ex
417 3001 481 3064 aliis
502 3003 640 3083 tingendo
656 3021 753 3066 moras
768 3005 925 3068 retinebat.
959 3012 989 3067 et
1005 3007 1112 3083 primo

141 3087 261 3168 quidem
273 3087 579 3166 ignariludilicationis
587 3089 707 3150 minime
715 3090 798 3150 inviti
809 3087 1110 3160 domosrevisebant:

141 3180 296 3252 postquam
312 3190 408 3253 neque
422 3174 533 3233 reverti
547 3173 584 3234 ad
599 3175 683 3253 signa
698 3175 811 3253 primos
830 3192 886 3237 nec
902 3174 998 3236 imme
1012 3173 1111 3236 alium

141 3272 230 3332 quam
244 3258 294 3334 qui
310 3258 340 3318 in
354 3258 513 3337 Campania
528 3256 749 3330 hibernassent,
769 3260 988 3339 praecipueque
1003 3276 1042 3321 ex
1059 3259 1110 3320 his

141 3334 293 3398 seditionis
300 3342 519 3402 auctoresmitti
526 3341 671 3412 viderunt,
684 3342 812 3421 primum
821 3342 986 3413 admiratio,
994 3341 1111 3404 deinde

141 3418 220 3480 haud
233 3418 339 3481 dubius
352 3425 442 3485 timor
453 3426 574 3485 incessit
590 3426 718 3496 animos,
736 3424 857 3487 consilia
868 3444 921 3488 sua
933 3438 1109 3488 emanasse:

110 3508 126 3558 t
141 3503 199 3562 iam
214 3505 416 3582 quaestiones,
431 3507 489 3566 iam
501 3507 623 3579 indicia,
638 3509 697 3570 iam
710 3508 823 3571 occulta
836 3508 1021 3590 singulorum
1033 3527 1113 3592 sup·
