2350 3922
280 212 373 253 arasa
387 213 476 253 xxttt.
501 212 568 253 aar.
587 199 611 255 l.
628 191 671 272 [a.
688 193 723 255 C.
739 194 802 276 tto]
959 193 1023 257 319

78 369 172 407 senatus
185 373 216 408 ex
229 362 338 422 equestri
352 361 441 419 ordine
453 360 601 410 hominibus
615 364 857 428 cxcv11ssoppletus
867 376 913 416 est.
932 366 962 420 L.
972 367 1021 418 Po·

78 426 177 476 stamius
188 437 290 492 praetor
301 442 316 476 a
329 427 406 479 Gallis
418 442 477 477 oum
490 429 601 478 exercitu
613 443 703 478 caesus
716 440 765 483 est.
783 430 828 481 Cn.
842 443 866 482 et
877 433 904 481 P.
918 432 1020 500 Scipio·

77 505 118 541 aas
128 492 154 541 in
164 492 287 559 Hispania
299 494 482 545 Hasdrubalem
492 496 608 545 vicerunt
620 505 644 545 et
652 496 803 562 Hispaniam
815 514 889 549 suam
898 501 1019 553 iecerunt

77 558 186 622 reliquiae
199 560 341 612 Cannensis
354 563 480 612 exercitus
496 564 521 611 in
533 561 645 613 Siciliam
656 563 782 628 relegatae
792 576 862 631 sunt,
875 582 907 617 ne
919 569 1020 620 recede·

77 637 125 676 tent
135 628 192 678 inde
203 629 254 678 nisi
267 628 340 678 finito
352 630 426 679 bello.
450 627 618 695 Sempronius
632 629 760 682 Gracchus
772 634 860 683 consul
876 632 1020 700 Campanos

76 693 163 748 cecidit.
186 694 305 746 Claudius
317 696 450 747 Marcellus
463 707 564 762 praetor
575 697 725 748 Hannibalis
738 702 876 763 enercitnm
888 703 921 751 ad
929 702 1021 753 Nolam

76 761 164 827 proelio
175 761 240 813 ludit
253 773 277 813 et
287 764 356 828 vicit,
369 765 520 830 primusque
531 774 569 814 tot
580 765 694 816 cladibus
707 766 783 818 fessis
795 767 918 819 Romanis
931 771 1021 820 melio-

75 842 120 876 rem
132 845 200 895 spem
212 831 270 880 belli
282 831 359 882 dedit.
379 833 445 881 inter
456 830 603 897 Philippum
613 832 776 885 Macedoniae
788 851 873 900 regem
887 847 911 886 et
922 837 1021 889 Hanni-

75 893 146 945 balem
158 899 265 948 societas
277 900 365 949 iuncta
380 908 426 949 est
449 909 581 964 praeterea
596 901 625 949 in
636 900 760 968 Hispania
777 902 884 952 feliciter
899 920 915 953 a
930 903 1019 956 Publio

75 969 95 1011 et
107 962 146 1013 θη.
159 961 329 1030 Scipionibus,
346 968 373 1016 t'u
384 966 508 1017 Sardinia
519 983 535 1016 o
548 967 576 1020 T.
588 967 683 1019 Manlio
694 979 810 1035 praetore
822 971 944 1022 adversus
956 972 1021 1023 Poe-

74 1041 115 1078 nos
126 1046 164 1081 res
177 1042 262 1098 gestas
275 1034 398 1094 continet,
413 1049 427 1082 a
440 1034 532 1095 quibus
544 1034 688 1086 Hasdrubal
702 1036 755 1087 dux
767 1048 792 1087 et
803 1038 879 1103 Mago
893 1049 916 1089 et
927 1040 1022 1090 Hanno

74 1099 141 1161 eapti.
163 1102 288 1150 exercitus
304 1101 454 1151 Hannibalis
473 1116 519 1166 per
535 1101 640 1153 hiberna
654 1106 689 1153 ita
701 1105 844 1155 luxuriatus
858 1115 908 1170 eat,
924 1117 951 1157 nt
963 1122 1020 1158 cor-

75 1167 134 1227 poris
144 1168 272 1231 animique
282 1169 378 1218 viribus
391 1177 560 1221 enervaretur.

132 1436 207 1499 rrrr
228 1416 306 1500 trvt
327 1439 375 1498 aa
398 1436 499 1499 uma
523 1436 688 1500 conam
708 1438 822 1501 tram
844 1440 951 1507 amri.

130 1605 152 1667 1.
174 1604 323 1669 Hannibal
339 1614 406 1685 post
416 1608 601 1668 Cannensem
611 1625 749 1686 pugnam,
765 1615 927 1684 castroque
937 1617 1045 1689 captat

71 1703 100 1746 at
113 1689 225 1771 direpta
240 1691 398 1753 confestim
410 1709 447 1751 ex
457 1690 563 1770 Apulia
576 1693 609 1751 in
620 1691 773 1753 Samnium
784 1700 927 1764 moverat,
941 1698 1021 1764 acci·

70 1776 111 1832 tus
130 1775 160 1834 in
178 1775 324 1855 Hirpinos
344 1794 361 1835 a
383 1774 477 1835 Statio
498 1773 618 1845 Trebio,
640 1776 798 1854 pollicente
818 1795 850 1838 se
866 1777 1020 1858 Compsam

72 1857 250 1921 traditurum
299 1859 481 1937 Compsanus
496 1865 561 1920 erat
575 1857 703 1921 Trebius
718 1860 827 1923 nobilis
841 1864 919 1924 inter
935 1880 1019 1935 suos;

73 1941 119 2001 sed
128 1942 284 2021 premebat
298 1961 367 2005 eum
378 1941 560 2022 Mopsiorum
572 1945 670 2019 laedo,
686 1944 816 2007 familiae
831 1965 886 2026 per
896 1951 1048 2026 gratiana

71 2019 264 2089 Romanorum
279 2029 419 2106 potentis.
447 2037 513 2108 post
527 2029 635 2090 lamam
651 2028 815 2091 Cannensis
829 2049 946 2108 pugnae
959 2034 1019 2093 vol·
1031 2038 1047 2089 3

70 2115 217 2191 gatumque
242 2110 338 2172 Trebi
356 2112 547 2173 sermonibus
573 2113 731 2175 adventum
757 2113 932 2174 Hannibalis
951 2133 1020 2175 oum

69 2187 204 2273 Mopsiani
219 2194 328 2257 urbem
343 2199 549 2266 excessissent,
566 2200 630 2256 sine
646 2201 809 2259 certamine
822 2198 931 2257 tradita
946 2197 1020 2259 urbs

69 2273 159 2340 Poeno
170 2280 415 2360 praesidiumque
426 2286 579 2358 acceptum
591 2285 646 2340 est.
662 2279 705 2339 ibi
717 2279 828 2359 praeda
840 2283 920 2340 omni
932 2288 1020 2359 atque
1031 2290 1048 2338 4

69 2359 273 2438 inpedimentis
293 2363 408 2427 relictis
429 2366 562 2424 exercitu
582 2364 692 2441 partito
712 2363 866 2442 Magonem
886 2367 1020 2443 regionis

72 2444 130 2506 aius
143 2447 235 2510 urbes
251 2455 302 2509 aut
316 2448 483 2509 deficientis
497 2446 534 2506 ab
549 2447 690 2507 Romanis
705 2450 840 2527 accipere
856 2454 906 2508 aut
921 2449 1018 2510 detre-

69 2532 169 2592 ctantis
184 2550 292 2610 eogere
308 2532 344 2594 ad
356 2531 554 2592 deiectionem
568 2530 661 2599 iubet,
678 2534 742 2610 ipse
754 2548 923 2610 peregrum
935 2532 1018 2593 Cam·
1030 2538 1046 2588 5

67 2626 169 2688 panum
189 2635 272 2678 mare
295 2617 425 2677 inferum
444 2617 533 2695 petit,
556 2622 780 2694 oppugnaturus
795 2614 964 2694 Neapolim,
987 2625 1020 2677 ut

68 2694 166 2760 urbem
180 2703 361 2761 maritimam
376 2699 511 2761 haberet
542 2698 593 2759 ubi
607 2699 682 2759 fines
696 2698 958 2778 Neapolitanorum
972 2702 1047 2780 ino

68 2783 164 2853 travit,
186 2784 331 2846 Numidas
346 2786 501 2863 partimin
516 2783 636 2844 insidiis
650 2817 692 2831 -
711 2792 742 2844 et
756 2784 915 2864 pleraeque
929 2803 1018 2846 cavae

68 2872 130 2926 sunt
149 2870 214 2928 riae
236 2872 378 2948 sinusque
400 2868 507 2929 occulti
522 2901 578 2938 —,
601 2885 786 2948 quacumque
807 2875 875 2947 apte
890 2877 1017 2948 poterat,

68 2943 215 3027 disposuit,
233 2953 306 3013 alios
316 2971 387 3031 prae
399 2971 430 3013 se
442 2949 537 3013 actam
548 2952 690 3031 praedam
702 2971 738 3013 ax
750 2955 831 3032 agris
843 2955 1019 3014 ostentantis
1105 3011 1108 3016 .

66 3028 236 3112 obequitare
252 3039 346 3117 portis
361 3039 459 3098 iussit.
482 3039 613 3115 inques,
629 3039 699 3114 quia
711 3054 767 3106 neo
777 3037 862 3097 multi
874 3042 904 3096 et
913 3038 1045 3097 incon-7

66 3119 150 3189 positi
164 3118 357 3192 videbantur,
378 3138 446 3182 oum
465 3128 564 3182 turma
579 3122 711 3198 equitum
727 3123 890 3198 erupisset,
912 3118 949 3179 ab
969 3136 1018 3180 oe-

65 3196 201 3264 dentibus
216 3205 349 3267 consulto
368 3212 463 3267 tracta
477 3208 509 3266 in
524 3203 649 3266 insidias
663 3205 864 3265 circumventa
881 3211 941 3274 est;
961 3210 1045 3264 necss

65 3284 203 3346 arsisset
223 3292 395 3369 quisquam,
416 3292 449 3349 ni
464 3306 546 3351 mare
560 3289 761 3368 propinquum
776 3294 806 3348 et
819 3287 896 3350 baud
912 3289 1017 3367 procul

64 3361 148 3428 litore
174 3388 281 3445 naves,
315 3375 492 3453 piscatoriae
520 3372 681 3453 pleraeque
709 3379 883 3451 conspectae
910 3374 1018 3451 peritis

64 3451 152 3511 nundi
165 3453 478 3536 dedissenteilugium.
500 3458 611 3538 aliquot
622 3465 721 3520 tamen
732 3476 768 3521 eo
777 3456 892 3540 proelio
903 3455 1045 3516 nobilest}
1146 3474 1147 3477 ¹
