2396 3920
80 192 163 234 omma
174 195 233 237 vn.
250 192 320 237 ose.
335 183 379 233 te.
391 211 426 223 -
436 198 530 240 arone
541 199 610 242 vnn.
625 199 693 241 cnr.
706 194 730 242 1.
743 190 784 261 [a.
797 181 898 244 &342
907 181 968 264 341]
991 191 1031 253 47

84 343 185 414 avertit,
204 350 236 403 et
251 306 378 422 practer
386 346 558 408 Latinorum
570 346 693 408 inlidum
707 349 765 409 iarn
780 349 831 410 diu
843 347 947 411 foedus
967 350 1032 412 Pri·

83 432 201 489 reroales
226 430 318 490 etiam
342 428 472 491 Norbam
490 438 577 510 atque
593 431 719 501 Setiam,
741 431 887 493 finitumae
902 432 1032 498 colonias

79 511 230 583 Romanas,
247 514 418 575 incursione
432 513 531 575 subito
547 513 717 596 depopulati
731 522 807 577 sunt.

463 735 656 747 n*-

356 915 541 980 pomoerii
561 919 660 980 LIBRI
680 920 753 982 Vlll.

113 1071 197 1120 latini
217 1083 278 1119 cum
297 1067 432 1135 Campanis
458 1069 574 1122 defecere
600 1079 624 1121 et
648 1074 735 1124 mlssis
753 1072 845 1140 legatis
863 1073 896 1124 ad
914 1082 1029 1123 senatum

72 1139 245 1189 condicionem
259 1137 385 1201 tulerant„
399 1147 442 1198 ut,
454 1140 476 1188 si
488 1154 577 1205 pacem
590 1139 683 1192 babere
695 1141 802 1207 vellent,
816 1143 921 1193 alterum
935 1156 967 1192 ex
981 1141 1030 1192 La-

72 1208 127 1258 tinis
139 1207 272 1258 consulem
285 1206 406 1259 facerent.
438 1222 488 1272 qua
508 1208 637 1276 legatione
650 1210 746 1274 perlata
757 1219 860 1279 praetor
871 1226 958 1262 eorum
976 1211 1030 1261 Ao-

73 1277 127 1326 nius
139 1278 170 1327 de
187 1274 315 1343 Capitolio
332 1275 367 1325 ita
380 1276 517 1344 prolapsus
531 1287 583 1341 est,
605 1287 633 1328 ot
649 1282 847 1332 exanimaretur.
874 1280 904 1333 Τ.
920 1279 1030 1330 Manlius

74 1346 158 1395 eonsnl
170 1345 267 1409 lilium,
286 1344 355 1410 quod
373 1356 462 1396 contra
479 1346 589 1398 edictum
606 1349 662 1399 eins
675 1349 798 1398 adversus
812 1348 916 1400 Latinos
930 1364 1031 1415 pugna·

76 1421 156 1473 verat,
167 1414 283 1478 quamvis
295 1427 420 1480 prospere
433 1424 590 1480 pugnasset,
609 1418 692 1466 securi
703 1418 837 1483 percussit.
858 1417 1030 1467 laborantibus

75 1485 103 1530 in
121 1484 174 1533 acie
189 1482 309 1534 Romanis
322 1483 350 1533 P.
364 1483 470 1546 Decius,
490 1493 551 1532 tnnc
567 1486 657 1534 consul
674 1499 733 1534 cnm
750 1485 859 1547 Manlio,
879 1485 982 1534 devovit
1002 1499 1030 1533 se

78 1565 125 1616 pro
137 1552 245 1601 exercitu
257 1559 290 1617 et,
313 1554 439 1603 concitato
451 1566 517 1617 equo
529 1567 587 1602 eum
604 1553 630 1601 io
642 1553 741 1602 medios
753 1551 840 1602 hostes
852 1568 880 1603 se
893 1552 1029 1613 intulisset,

78 1618 220 1669 interiectus
231 1627 313 1671 morte
324 1635 372 1671 sua
384 1622 506 1672 llomaois
519 1621 649 1673 victoriam
667 1620 784 1672 restitnit.
814 1619 897 1671 Latini
911 1620 937 1670 in
957 1619 1031 1670 dedi·

75 1690 164 1739 tionem
177 1698 308 1743 venerunt.
338 1690 368 1740 T.
383 1689 476 1740 llaolio
495 1691 521 1740 in
541 1691 630 1741 orbern
642 1704 745 1741 reverso
759 1703 833 1740 nemo
852 1705 885 1740 ex
900 1690 1030 1740 iuventute

72 1758 170 1809 ebriam
178 1758 313 1825 processit.
333 1757 443 1809 Minucia
452 1760 526 1826 virgo
535 1759 647 1810 Vestalis
656 1760 745 1809 incesti
754 1759 872 1809 damnata
881 1766 927 1810 est.
945 1759 1029 1810 Auso·

71 1828 145 1878 nibus
156 1828 247 1889 victis,
263 1828 359 1893 oppido
373 1843 404 1878 ex
417 1828 450 1879 iis
462 1835 550 1895 capto,
567 1829 639 1878 Cales
657 1828 755 1879 colonia
778 1828 887 1879 deducta
905 1836 956 1889 est;
969 1828 1030 1878 item

71 1896 201 1963 Fregellae
213 1896 317 1948 colonia
334 1896 441 1948 deducta
454 1907 500 1949 cst.
524 1897 674 1948 venellclom
686 1898 845 1965 conplurium
858 1904 1030 1949 matronarum

70 1966 259 2034 deprehensum
272 1973 324 2031 est,
337 1967 475 2030 exquibus
486 1967 611 2034 plurimae
624 1969 709 2017 statim
721 1968 804 2034 epotis
818 1965 1030 2018 medicaminibus

69 2037 206 2102 perierunt.
233 2034 277 2085 lex
292 2035 323 2085 de
335 2034 457 2086 veneficio
470 2044 528 2086 tunc
539 2037 649 2104 primum
659 2037 795 2086 constituta
806 2044 854 2087 est.
877 2034 1029 2085 Privernati-

69 2106 132 2169 bus,
154 2120 213 2155 cum
230 2103 413 2164 rebellassent,
432 2105 506 2154 victis
522 2107 612 2156 civitas
631 2104 691 2155 data
706 2112 754 2157 est.
788 2103 948 2175 Neapolitani
963 2101 1030 2150 bello

68 2182 92 2223 et
104 2174 240 2225 obsidione
252 2172 314 2222 victi
326 2174 352 2223 ln
365 2172 520 2223 deditionem
532 2183 663 2225 venerunt.
690 2172 719 2233 Q.
736 2173 861 2235 Publilio,
873 2173 916 2236 qni
927 2185 972 2235 eos
985 2170 1030 2220 ob·

68 2242 184 2306 sederat,
196 2243 281 2310 primo
297 2248 322 2292 ct
333 2242 467 2308 imperium
480 2244 606 2308 prolatum
620 2251 660 2293 est
674 2253 699 2292 et
711 2256 759 2310 pro
771 2241 875 2293 consule
887 2238 1029 2303 triumphus

68 2313 195 2363 decretos.
220 2311 296 2378 plebs
309 2325 375 2362 nexu
391 2312 498 2362 liberata
514 2323 555 2363 est
566 2319 672 2379 propter
684 2311 715 2363 L.
727 2311 811 2377 Papiri
826 2307 959 2360 creditoris
973 2305 1030 2357 libi·

66 2382 167 2443 dinem,
180 2382 230 2446 ,qni
242 2379 271 2434 C.
283 2379 390 2430 Publilio
405 2380 513 2431 debitori
524 2396 571 2432 sno
584 2390 699 2446 stuprum
714 2379 808 2431 inferre
823 2379 946 2430 voluerat.
973 2390 1030 2426 cum

66 2451 96 2503 L.
108 2448 226 2516 Papirius
244 2449 340 2500 Cursor
354 2448 461 2500 dlctsum
481 2465 601 2500 reversus
620 2451 646 2499 in
666 2451 755 2499 urbem
776 2449 808 2498 ab
828 2447 941 2498 exercitu
962 2453 1032 2495 esset

65 2527 172 2586 propter
183 2517 302 2585 auspicia
311 2517 460 2585 repetenda,
477 2517 506 2578 Q.
519 2516 613 2568 Fabius
625 2517 749 2582 magister
760 2518 883 2580 equitum,
899 2514 1032 2563 occasione

65 2590 132 2638 bene
141 2587 277 2652 gerendae
289 2587 326 2636 rei
336 2588 471 2651 invitatus,
488 2594 575 2636 contra
587 2585 697 2635 edictum
709 2585 763 2634 eius
774 2596 896 2649 prospere
907 2580 1031 2630 adversus

67 2655 196 2708 Samnites
207 2656 343 2723 pugnavit.
366 2658 398 2707 cb
412 2671 469 2706 eam
477 2667 581 2705 oausam
595 2667 654 2703 cum
665 2652 772 2703 dictator
781 2652 814 2701 de
826 2648 950 2716 magistro
960 2647 1031 2711 equl-

66 2735 123 2775 tum
135 2724 291 2790 supplicium
303 2735 449 2792 sumpturus
462 2725 604 2788 videretur,
621 2722 713 2773 Fabios
732 2720 837 2772 Romam
850 2716 979 2786 profugit,
996 2725 1030 2780 et,

66 2809 127 2845 enm
137 2809 226 2860 perum
237 2809 318 2846 cansa
329 2794 471 2861 proficeret,
483 2792 572 2860 populi
580 2791 699 2860 precibus
709 2792 817 2843 donetns
830 2798 877 2841 est.
903 2803 945 2840 res
956 2800 1030 2853 prae·

66 2871 140 2912 terea
155 2872 240 2916 contra
253 2862 380 2916 Samnites
391 2878 515 2932 prospere
528 2871 614 2929 gestas
629 2861 748 2912 continet.

166 3070 243 3133 'lll’l
262 3069 337 3132 LlVl
356 3070 404 3132 ΑΒ
425 3070 525 3133 URBE
547 3069 709 3133 cottum
729 3065 842 3128 LlBER
861 3060 934 3122 Vlll.

134 3220 157 3282 l.
185 3223 248 3286 lam
267 3222 405 3286 consules
425 3231 510 3284 erant
528 3224 560 3286 C.
575 3221 704 3284 Plautius
723 3220 831 3280 iterum
845 3215 878 3276 L.
893 3209 1033 3275 Aemilius
1049 3216 1062 3269 1

71 3303 245 3380 Mamercus,
259 3326 327 3370 cnm
341 3308 435 3369 Setini
448 3306 636 3386 Norbanique
647 3305 771 3366 Romam
783 3298 880 3361 nuntii
890 3296 1031 3358 delectio·

72 3388 122 3446 nis
133 3389 349 3455 Privernatium
358 3409 427 3453 cum
434 3391 627 3472 querimooils
633 3392 771 3463 acceptae
781 3383 871 3444 cladis
877 3387 1032 3443 uenerunt.

73 3468 244 3538 Volscorum
260 3478 333 3537 item
348 3477 509 3537 exercitum
528 3475 601 3534 doce
617 3471 725 3532 Antiati
743 3465 852 3547 populo
868 3461 1064 3527 consedisse?
