2280 3926
150 238 210 301 128
295 252 389 295 uranu
403 253 446 297 11.
471 253 540 295 cnr.
556 241 599 293 31.
613 240 656 295 32.
674 233 715 316 [a.
731 256 763 296 u.
778 256 806 296 α,
821 241 881 293 443.
897 231 956 315 444]

109 408 140 461 13
151 400 298 485 seduem
310 418 374 463 esse
385 403 443 464 iam
455 403 555 463 virtuti
565 400 715 464 Romanae
724 398 948 481 tintissnihtli
948 400 1088 484 mluppnri

175 502 246 564 rego
270 503 325 547 ana
339 503 392 548 arx
410 485 581 566 Soranaque
598 494 628 548 et
695 502 822 566 cumque
841 487 940 566 iu1quo
955 502 1086 548 sucessum

110 577 141 628 14
152 577 215 631 erat
233 568 299 631 loco
314 569 564 633 memorabantur.
596 571 644 631 bis
662 587 803 631 accensus
817 567 902 631 miles
916 570 1039 631 omniurn
1050 568 1086 629 in·

149 671 264 716 memor
282 653 496 716 difficultatium
511 654 590 716 radit
604 653 744 716 adversus
764 655 957 715 inminentem
976 654 1087 715 bostium

151 738 255 805 aciem.
273 736 1087 829 QQQQQQfflfflffiWffl

108 827 140 880 15
152 823 275 968 erin‘tur
286 834 406 915 ⁸Q⁶¹¹3
421 829 563 895 cetarum,
582 828 737 902 postquam
750 823 846 902 prima
860 822 944 901 signa
956 819 1087 901 planitien

149 923 164 965 s
216 924 294 968 mam
309 913 460 985 ceperunt,
482 908 632 987 sensitque
647 907 725 968 acies
740 924 834 987 aequo
849 923 883 967 se
898 908 955 967 iam
968 905 1088 966 institisse

149 987 339 1063 locaremus
352 988 499 1069 extemplo
513 998 559 1052 est
571 997 670 1052 terror
681 992 713 1050 iu
726 989 921 1062 insidiatores,
934 988 1088 1068 cutemque

149 1070 295 1146 latebras,
311 1073 418 1153 quibus
432 1091 464 1135 se
479 1074 566 1154 paulo
580 1081 649 1137 ante
663 1081 811 1144 texerant,
828 1074 919 1154 palati
932 1081 1015 1154 atquo
1024 1074 1087 1132 iuer·

109 1163 214 1217 tomes
237 1157 306 1235 fuga
335 1156 518 1237 repetebant.
558 1158 610 1221 sed
633 1157 697 1219 loc'a
724 1157 852 1219 difficilia
876 1158 955 1220 hosti
978 1156 1087 1238 quaesita
1128 1174 1129 1179 ¹

149 1242 229 1318 ipsos
242 1247 306 1301 tum
322 1258 375 1303 sua
394 1241 499 1303 fraude
513 1241 712 1322 impediebant.
748 1244 847 1322 itaquo
863 1259 936 1321 ergo
954 1239 1087 1323 perpaucis

150 1323 292 1402 effugium
315 1327 424 1405 patuit:
445 1344 530 1388 caesa
545 1326 582 1388 ad
605 1327 707 1406 uiginti
721 1325 802 1388 milia
817 1326 986 1397 homiuum,
999 1326 1086 1389 ricton

150 1425 207 1487 que
220 1409 371 1471 Romanus
386 1410 422 1473 ad
436 1408 565 1473 oblatam
582 1410 618 1474 ab
633 1411 718 1472 hoste
731 1409 873 1490 praedam
890 1427 1027 1490 pecorum
1043 1406 1086 1467 dis·

150 1494 252 1554 currit.

121 1578 136 1630 1
213 1576 329 1639 xxxii.
362 1577 438 1640 Dum
458 1577 532 1640 baec
554 1586 698 1658 geruntur
717 1579 752 1639 in
768 1577 902 1650 Samnio,
926 1580 982 1642 iam
1004 1590 1086 1639 omnes

149 1660 286 1722 Etruriae
300 1660 403 1742 popuii
416 1668 534 1741 praeter
547 1663 700 1724 Arretinos
725 1662 761 1723 ad
780 1680 860 1723 arma
874 1663 985 1734 ierant,
1000 1660 1032 1722 ab
1046 1675 1085 1737 op·

149 1743 308 1824 pugnaudo
325 1745 438 1816 Sutrio,
462 1763 537 1824 quae
551 1745 624 1807 urbs
638 1746 717 1807 socia
731 1745 871 1807 Romanis
888 1745 968 1808 reiut
982 1745 1085 1807 eleusim

122 1826 286 1888 2Etruriae
303 1836 380 1898 erat,
396 1830 501 1906 iugens
516 1831 576 1891 orsi
590 1827 711 1891 bobum.
742 1846 777 1890 eo
792 1828 866 1891 alter'
880 1828 1030 1893 consulum
1043 1827 1085 1887 ic·

149 1909 248 1972 milius
263 1928 331 1972 cum
344 1912 475 1973 exercitu
490 1912 527 1973 ad
542 1912 711 1975 liberandos
733 1911 887 1975 obsidione
905 1917 998 1977 socios
1016 1909 1083 1971 uenit.

151 1992 373 2056 advenientibus
386 1993 527 2057 Romanis
545 1997 658 2059 Sutrini
674 2000 855 2060 commeatus
868 1996 996 2078 benigue
1008 1998 1035 2055 in
1049 2008 1084 2051 ct·

123 2083 210 2138 ostra
232 2083 301 2139 ante
319 2077 423 2140 urbem
445 2082 540 2159 posita
560 2080 713 2143 adrexere.
746 2081 864 2144 Etrusci
884 2081 962 2144 dtem
978 2081 1084 2161 primun

151 2160 352 2234 consultando,
368 2171 551 2226 maturarent
561 2164 752 2226 traherentne
762 2163 883 2236 bellum,
904 2163 1082 2228 traduxerunt·

152 2252 273 2325 postero
288 2246 351 2318 die,
367 2246 418 2308 ubi
433 2245 576 2310 celeriora
587 2265 674 2328 quam
687 2250 796 2311 tutiore
809 2249 932 2311 consilia
942 2240 1082 2326 magupb·

151 2346 240 2390 onere
256 2329 394 2402 ducibus,
412 2329 474 2393 sole
494 2339 559 2393 orto
575 2334 692 2411 siguum
710 2349 827 2412 pugnae
847 2335 1025 2413 propositum
1044 2330 1081 2390 tsi

122 2415 316 2493 carnotique
336 2417 368 2475 in
390 2415 484 2477 aciem
504 2415 677 2496 procedunt.
715 2416 794 2496 quod
816 2425 971 2499 postquam
991 2404 1079 2475 consult

150 2498 316 2560 nuntiatum
330 2505 393 2571 cst,
410 2499 556 2580 extemplo
570 2508 713 2563 tesseram
725 2499 788 2562 dari
802 2500 897 2573 iubet,
917 2509 949 2563 ut
963 2492 1081 2580 prandeo
1108 2526 1112 2539 ·

93 2570 110 2647 .’
151 2580 235 2643 miles
250 2582 430 2665 firmatisque
444 2583 511 2645 cibo
527 2584 638 2646 viribus
652 2601 734 2646 arma
749 2585 853 2664 capiat.
882 2586 960 2646 dicto
973 2585 1079 2664 paretur.

85 2738 88 2749 ⁴
125 2665 255 2728 oconsul
273 2666 325 2729 ubi
344 2674 473 2730 armatos
493 2676 669 2749 paratosque
687 2667 771 2737 vidit,
792 2670 876 2747 sigua
897 2676 979 2730 extra
998 2659 1079 2752 vallum

149 2748 281 2827 proferri
293 2751 378 2812 iussit
392 2758 422 2812 et
437 2751 516 2813 baud
532 2751 637 2831 procui
658 2751 743 2812 hoste
762 2754 901 2814 iustruxit
921 2753 1018 2813 aciem.
1043 2739 1079 2803 ab·

150 2831 290 2910 quamdiu
303 2834 409 2894 intenti
422 2836 571 2915 utrimque
581 2842 727 2898 steterunt
737 2843 944 2916 expectantes,
961 2840 993 2896 ut
1003 2829 1034 2892 eb
1044 2820 1079 2886 ti·

122 2915 287 2975 eversariis
301 2915 412 2978 clamor
431 2924 462 2979 et
477 2935 576 2999 pugna
589 2921 747 3000 inciperem
772 2926 803 2981 et
820 2921 904 3001 prius
922 2918 967 2982 sol
980 2905 1079 2978 moritu

150 3017 183 3060 se
192 2997 352 3073 inclinavit,
365 3016 452 3081 quam
463 3001 554 3065 telum
565 3003 636 3065 hinc
647 3011 698 3066 aut
707 3002 789 3065 illinc
801 3004 939 3066 emissum
952 3007 1003 3064 ost
1021 2988 1077 3056 ind⁶

86 3132 88 3137 .
150 3101 188 3143 ne
201 3083 311 3146 infecta
325 3102 359 3146 re
373 3083 517 3159 abiretur,
540 3086 652 3150 clamor
675 3087 712 3150 ab
728 3088 860 3151 Etruscis
873 3089 980 3156 oritur,
1004 3089 1075 3168 0⁰⁰⁰?

122 3175 282 3250 tnuntque
292 3166 382 3230 tubae
394 3176 423 3231 et
435 3172 519 3252 sigua
532 3171 710 3235 inferuntur.
737 3191 793 3234 nec
803 3173 922 3253 segnius
937 3164 1077 3256 abortui!

150 3268 249 3329 pugna
262 3253 363 3315 initur.
390 3264 573 3318 concurrunt
582 3257 706 3318 infensis
722 3258 842 3319 animis·
860 3270 983 3317 numero
998 3249 1076 3311 boetii

122 3337 139 3389 8
150 3303 1079 3436 affl,

150 3432 208 3493 (1¹¹0
222 3422 252 3477 θῑ
265 3416 457 3485 f⁰ffl⁸⁸1mum
473 3441 619 3506 quemque
634 3423 775 3496 absumit,
795 3443 851 3488 nac
864 3425 947 3504 prins
962 3411 1078 3480 metum

149 3513 199 3557 res
213 3506 272 3570 ast,
288 3519 377 3582 mam
393 3506 615 3583 secuudaaoies
629 3508 764 3572 Romana
779 3508 819 3572 ad
830 3510 927 3590 primu
940 3505 1031 3581 sium,
1045 3491 1078 3549 ¹¹¹·
