2350 3922
312 236 405 277 crana
418 237 506 277 xxrn.
524 236 592 279 oar.
610 223 651 278 18.
669 215 707 297 [a.
726 219 760 279 Ο.
778 217 839 299 216]
994 225 1056 286 337

96 401 182 445 mum
204 400 351 462 quamquo
369 401 386 445 e
403 400 490 444 muro
519 383 707 463 turribusque
728 385 803 445 ictos
825 387 930 448 amisit.
967 385 1089 448 semele

96 465 178 527 ultro
200 467 382 546 erumpentis
411 469 527 544 agmine
556 467 778 546 elephantorum
808 472 940 548 opposito
963 489 1056 550 prope

98 549 279 621 interclusit,
303 549 491 629 trepidosque
507 549 637 630 conpulit
658 553 687 612 in
708 550 814 612 urbem
829 553 898 612 satis
913 553 1011 615 multis
1024 562 1058 615 ut

97 653 137 694 ex
150 641 232 694 tanta
246 636 392 712 paucitate
406 634 579 696 interiectis.
616 633 716 713 plures
738 635 926 706 cecidissent,
952 639 984 699 ui
999 656 1056 699 nox

98 716 214 797 proelio
225 718 440 778 intervenisset.
464 727 584 798 postero
594 717 641 778 die
653 720 784 780 omnium
795 720 885 779 animi
896 719 932 781 ad
945 730 1085 799 oppng·⁷

99 801 232 862 nandum
247 800 462 871 accenduntur,
481 804 581 881 utique
596 810 750 881 postquam
766 820 875 863 corona
889 821 978 864 aurea
993 822 1057 864 mu·

98 885 171 946 ralis
186 886 377 965 propositast,
394 894 481 964 atque
499 886 562 964 ipse
579 887 637 946 dux
652 885 763 946 castelli
782 884 869 965 plano
889 885 955 948 loco
971 889 1058 966 positi

97 986 223 1047 segnem
237 971 486 1047 oppugnationem
501 970 622 1047 Sagunti
633 970 881 1049 expugnatoribus
897 970 1057 1050 exprobra·

99 1054 161 1123 bat,
179 1052 347 1113 Cannarum
360 1053 612 1132 Trasumennique
630 1063 660 1115 et
671 1052 796 1114 Trebiae
811 1053 942 1132 singulos
957 1054 1058 1116 admo·

98 1152 225 1198 monens
250 1137 470 1215 universosque.
510 1136 579 1197 inde
599 1139 701 1199 vineae
723 1156 840 1217 quoque
865 1146 987 1218 coeptae
1013 1140 1088 1217 agi8

97 1217 301 1298 cuniculiqne;
322 1236 378 1280 nec
397 1219 434 1280 ad
455 1221 551 1282 varios
574 1230 695 1282 conatus
715 1221 843 1283 hostium
864 1230 914 1283 aut
935 1225 977 1284 vis
999 1222 1085 1301 ullat

96 1312 152 1366 aut
168 1321 215 1363 ars
236 1303 351 1363 deerat:
370 1305 442 1362 socii
456 1303 655 1364 Romanorum
678 1304 899 1383 propugnacula
920 1306 1059 1369 adversus

101 1390 204 1447 vineas
226 1395 369 1457 statuere,
391 1388 566 1449 transversis
584 1387 728 1447 cuniculis
753 1387 882 1448 hostium
908 1391 1058 1452 cuniculos

98 1472 254 1550 excipere,
272 1478 303 1531 et
314 1469 411 1550 palam
426 1478 456 1530 et
471 1469 546 1530 clam
561 1472 672 1549 coeptis
684 1470 799 1531 obviam
816 1473 874 1541 ira,
893 1472 988 1533 donec
1004 1493 1057 1552 pu·

98 1555 157 1616 dor
172 1556 259 1614 etiam
274 1553 469 1615 Hannibalem
484 1554 520 1614 ab
533 1557 652 1633 incepto
667 1556 770 1616 avertit
778 1572 785 1624 ;
802 1556 963 1634 castrisque
978 1573 1057 1616 com·

99 1639 224 1700 munitis
238 1655 273 1698 ac
289 1638 436 1716 praesidio
451 1638 569 1699 modico
581 1639 725 1718 inposito,
742 1657 779 1699 ne
792 1639 899 1699 omissa
913 1656 962 1699 res
979 1640 1057 1701 vide-

98 1730 198 1792 retur,
214 1723 245 1782 in
259 1720 384 1783 hiberna
401 1723 555 1783 concessit.

164 1806 209 1866 lbi
225 1812 341 1884 partem
351 1808 492 1866 maiorem
504 1807 609 1866 hiemis
624 1808 785 1867 exercitum
800 1808 830 1866 in
845 1807 930 1868 tectis
946 1806 1101 1877 habuit,1o

97 1890 242 1952 adversus
253 1891 353 1950 omnia
362 1889 490 1950 humana
504 1888 580 1950 mala
593 1908 680 1969 saepe
692 1907 726 1949 ac
741 1890 795 1956 diu
807 1891 953 1960 duratum,
971 1890 1057 1952 bonis

100 1976 289 2053 inexpertum
302 1981 389 2052 atque
399 1974 556 2034 insuetum.
583 1976 680 2054 itaque
688 1991 761 2053 quos
773 1974 853 2035 nulla
865 1974 935 2036 mali
948 1976 1058 2037 vicerat
1069 1983 1099 2034 11

98 2060 160 2128 vis,
175 2056 332 2135 perdidere
347 2059 437 2118 nimia
453 2057 531 2117 bona
551 2075 585 2117 ac
602 2057 762 2137 voluptates
778 2060 957 2129 inmodicae,
978 2066 1008 2118 et
1023 2077 1058 2118 eo

100 2142 267 2221 inpensius
283 2160 341 2220 qno
364 2141 475 2201 avidius
490 2161 526 2202 ex
539 2141 698 2202 'insolentia
722 2143 752 2203 in
774 2160 823 2201 aas
838 2160 869 2200 se
884 2152 1057 2202 merserant.

99 2242 223 2286 somnus
238 2226 316 2285 enim
335 2232 365 2285 et
381 2225 479 2285 vinum
495 2233 526 2286 et
546 2224 650 2303 epulae
666 2232 695 2284 et
715 2232 811 2284 scorta
833 2223 1006 2303 balineaque
1028 2235 1057 2286 et
1068 2234 1102 2286 12

101 2310 195 2372 otium
214 2308 425 2369 consuetudine
443 2310 472 2367 in
488 2308 550 2368 dies
563 2307 699 2367 blandius
712 2308 751 2366 ita
766 2314 979 2367 enervaverunt
993 2325 1058 2367 cor-

100 2410 176 2473 pora
188 2394 374 2472 animosque,
390 2398 424 2451 ut
435 2392 529 2477 magis
540 2390 648 2450 deinde
661 2391 837 2469 praeteritae
855 2391 1002 2465 liuintldtb
1008 2408 1059 2453 eos

215 2485 377 2537 ιιιιιιιιιιε
395 2481 559 2535 tutarentur
578 2475 670 2544 vices,
692 2474 844 2534 ιιιιίιιιιιιι
858 2473 889 2534 id
931 2482 1049 2535 ¹ccatuo
1068 2483 1101 2534 13

100 2562 121 2621 d
161 2577 181 2618 ιΚ
213 2584 238 2613 ,ι
272 2560 741 2628 samartanum
901 2614 907 2621 .

99 2644 183 2724 quod
199 2662 259 2704 non
277 2662 314 2704 ex
328 2643 475 2705 Cannensi
491 2643 554 2703 acie
589 2642 702 2701 rotinus
721 2657 750 2699 a·
779 2658 884 2702 ornem
898 2641 1059 2702 Romanam

102 2727 249 2788 duxisset·
276 2725 323 2787 'la
345 2727 391 2786 en·
445 2743 520 2787 cunc
550 2727 591 2787 tio
618 2706 765 2785 distc'rhsse
790 2713 878 2783 modo
908 2715 1059 2786 victoriam

102 2773 331 2881 vld'e'r'fbtuit,
357 2811 406 2870 hic
427 2827 512 2871 error
541 2811 655 2871 virosa
677 2808 749 2868 emis
810 2826 825 2867 a
1051 2855 1058 2869 .

100 2897 204 2974 itaque
218 2893 311 2955 heren
323 2913 353 2963 e,
371 2893 449 2955 velut
464 2912 488 2953 ει
504 2912 571 2955 cum
587 2912 603 2954 a
626 2912 643 2953 o
661 2893 791 2953 exercitu
807 2910 825 2952 a
839 2890 938 2971 Capua
954 2894 1055 2963 exiret,
1070 2899 1104 2950 14

103 2977 178 3039 nihil
190 2996 313 3057 usquam
327 2979 469 3056 pristinae
485 2975 655 3056 disciplinae
676 2976 778 3036 tonuit.
819 2993 888 3038 nam
911 2986 941 3035 et
959 2978 1056 3036 redie·
1070 2983 1103 3036 15

102 3069 174 3122 runt
188 3060 322 3142 plerique
336 3064 442 3122 scortis
451 3060 588 3140 inpliciti,
603 3068 646 3131 et,
659 3058 849 3136 ubiprimum
865 3058 919 3120 sub
934 3058 1060 3138 pellibus

103 3144 210 3206 haberi
225 3146 322 3225 coepti
333 3154 416 3216 sunt,
432 3146 535 3224 viaque
551 3151 580 3206 et
595 3143 668 3206 alios
682 3140 816 3204 militaris
831 3142 915 3203 labor
934 3145 1058 3222 excepit,

102 3231 235 3290 tironum
244 3228 334 3290 modo
345 3229 520 3309 corporibus
529 3229 692 3307 animisque
703 3224 892 3295 deliciabant;
908 3233 938 3286 et
952 3225 1058 3287 deinde
1070 3233 1106 3287 lo

102 3330 158 3393 per
181 3331 269 3393 ompe
288 3315 462 3373 aestivorum
484 3319 599 3391 tempus
618 3327 724 3388 magna
743 3329 812 3388 pars
833 3311 896 3370 sine
913 3326 1060 3372 commea·

104 3393 185 3457 tibus
202 3395 239 3456 ab
260 3398 352 3474 siguis
370 3395 592 3467 dilabebantur,
616 3412 712 3475 neque
736 3392 809 3455 aliae
827 3392 956 3477 latebrae
974 3412 1063 3475 quam

102 3479 204 3557 Capua
219 3479 420 3541 desertoribus
437 3480 528 3541 erant.

149 3592 174 3628 r.
194 3593 254 3628 crvx
272 3593 341 3629 rans
360 3593 393 3631 11,
821 3565 860 3627 22
