2280 3926
131 216 173 282 98
337 228 430 270 nisan
444 230 488 271 xx.
504 227 573 271 car.
588 214 615 270 5.
628 213 655 269 c.
671 205 711 290 [a.
726 229 758 269 n.
773 230 800 268 e.
815 202 875 287 433]

132 379 211 439 enim
227 383 277 438 aut
291 375 484 458 sponsoribus
504 376 537 436 in
549 372 670 437 loedere
686 392 761 455 opus
775 380 852 436 esset
867 379 916 437 aut
929 368 1070 441 obsidibus,

132 461 182 523 ubi
193 464 364 540 precatione
375 479 426 522 res
437 459 623 538 transigitur,
639 475 694 536 per
703 477 791 538 quem
802 455 941 538 populum
950 455 1009 526 liat,
1023 472 1071 534 quo

132 547 231 608 minus
246 544 361 624 legibus
381 545 467 607 dictis
489 549 598 613 stetur,
623 549 658 604 ut
682 560 748 604 eum
776 543 816 603 lta
824 540 963 649 Juppltcr
988 538 1070 606 leriat,

103 639 120 687 4
132 628 379 710 quemadmodum
391 625 565 690 aletialibus
579 643 689 704 porcus
703 624 836 688 feriatur.
867 621 1071 704 spoponderunt

132 712 283 785 consules,
297 713 403 792 legati,
419 718 606 792 quaestores,
624 708 736 771 tribuni
751 708 890 779 militum,
911 707 1072 784 nominaque

132 799 279 868 omnium,
306 798 358 877 qui
376 794 613 876 spoponderunt,
640 800 753 862 extant,
774 792 842 862 ubi,
868 793 949 854 dex
967 789 1072 851 loedere
1123 800 1125 805 ·

132 891 197 944 acta
216 888 378 951 recesset,
399 885 606 959 praeterquam
628 876 755 938 duorum
773 874 915 938 fetialium
934 892 992 936 nou
1005 878 1072 934 exta·

104 973 214 1035 orent;
237 973 267 1026 et
287 971 411 1044 propter
426 962 623 1023 necessariam
638 960 767 1022 foederis
788 958 957 1021 dilationem
972 955 1073 1019 obsides
1131 979 1132 982 ¹

68 1089 89 1139 p
133 1049 362 1133 etiamnsescenti
373 1047 486 1128 equites
497 1045 647 1135 imperati,
660 1044 711 1125 qui
721 1045 817 1123 capite
827 1042 1073 1119 luerent,slpaoto
1114 1066 1120 1078 2

103 1124 349 1193 onon‘staretnr.
386 1128 590 1207 tempus'inde
610 1135 749 1203 statutum
768 1126 921 1190 tradendis
940 1122 1073 1199 obsidibus

133 1215 322 1294 exercituque
336 1213 444 1274 inermi
457 1211 609 1273 mutando.
624 1221 627 1227 '
638 1206 851 1290 redintegravit
872 1209 980 1272 luctum
993 1210 1021 1269 in
1034 1223 1072 1266 oa·

133 1300 201 1360 stris
216 1295 369 1360 consulum
384 1295 539 1367 adrentus,
561 1297 655 1356 utrix
674 1294 710 1358 ab
727 1296 762 1355 iis
777 1293 960 1357 abstinerent
976 1306 1073 1358 manus,

104 1392 259 1463 equorum
272 1381 439 1442 temeritate
452 1381 484 1441 in
499 1397 567 1443 eum
580 1378 679 1441 locum
695 1378 814 1440 deducti
829 1386 943 1444 essent.
965 1389 1072 1457 quorum

131 1466 245 1544 ignaria
256 1464 371 1526 foedius
382 1464 467 1534 inde,
484 1481 572 1543 quam
583 1464 745 1533 venissent,
759 1462 883 1525 abituri:
897 1461 954 1523 illis
965 1477 1020 1520 non
1031 1457 1072 1516 du·

116 1546 198 1612 'cem
218 1548 365 1620 locorum,
388 1566 448 1610 uon
470 1547 686 1626 exploratorem
707 1547 811 1615 luisse;
834 1544 987 1608 beluarum
1000 1539 1073 1604 modo

105 1640 238 1695 scaccos
259 1634 291 1694 in
311 1633 426 1693 foveam
445 1630 553 1710 lapsos.
590 1631 641 1692 alii
660 1630 732 1691 alios
752 1631 878 1701 intueri3
899 1622 1074 1705 contemplari

132 1735 215 1779 arma
224 1734 295 1778 mox
308 1715 452 1779 tradenda
465 1721 496 1775 et
507 1717 636 1776 inermes
650 1713 764 1774 suturas
776 1713 895 1775 dextras
908 1711 1074 1787 obnoxiaque

133 1817 258 1880 corpora
271 1799 326 1860 lros
339 1801 366 1871 ‘3
388 1814 557 1877 proponere
571 1797 689 1859 sibimet
708 1797 765 1877 ipsi
781 1804 851 1859 ante
870 1795 1073 1897 oculmpugun

133 1883 240 1945 hostile
262 1890 293 1943 et
347 1881 443 1944 dibria
461 1882 580 1942 victoris
595 1887 624 1941 et
642 1880 739 1942 vultus
759 1879 906 1959 superbos
921 1890 951 1943 et
969 1895 1019 1960 per
1036 1891 1072 1935 ar·

104 1973 121 2026 9
133 1974 227 2029 matos
237 1968 396 2028 inermium
410 1966 483 2035 iter,
497 1963 567 2024 inde
577 1964 657 2025 loedi
668 1965 792 2043 agminis
803 1962 1001 2027 miserabilem
1011 1960 1072 2020 riam

131 2069 188 2130 per
204 2051 352 2111 sociorum
362 2047 466 2118 urbes,
484 2046 612 2109 reditum
626 2048 657 2109 ln
671 2049 798 2127 patriam
810 2048 848 2109 ad
865 2056 1073 2128 parentesque

92 2141 124 2194 ιο
134 2153 222 2213 saepe
240 2134 298 2214 ipsi
317 2150 347 2195 m
367 2131 374 2146 '
394 2149 502 2210 resque
517 2149 620 2193 eorum
640 2131 857 2210 triumphantes
871 2135 1023 2194 venissent
1049 2140 1076 2183 ee

133 2217 212 2278 solos
233 2218 298 2279 sine
380 2233 446 2286 ere,
468 2215 650 2286 sineterra,
675 2216 739 2277 sine
753 2217 816 2277 acie
831 2218 939 2286 rictos;
960 2212 1013 2276 sibi
1025 2222 1073 2270 nou

100 2376 109 2386 ,
132 2302 279 2378 stringere
290 2299 408 2360 licuisse
419 2297 546 2376 gladios,
559 2316 620 2360 non
630 2317 750 2361 manum
763 2316 831 2361 cum
840 2298 926 2361 hoste
938 2295 1073 2361 conterre:

91 2389 122 2442 11
134 2383 191 2443 sibi
205 2384 382 2462 nequiquam
395 2383 509 2444 animos
525 2383 618 2444 datos.
650 2381 725 2444 haec
739 2382 935 2446 frementibus
954 2382 1023 2443 bora
1040 2375 1073 2435 la·

132 2464 198 2528 talis
216 2465 394 2544 ignominiae
409 2465 541 2537 advenit,
565 2468 664 2528 omnia
681 2467 812 2529 tristiora
827 2464 1008 2546 experiundo
1026 2460 1074 2520 lac·

131 2559 213 2622 tura,
231 2564 319 2632 quam
335 2567 409 2630 quae
423 2558 638 2630 praeceperant
652 2552 767 2612 animis.

90 2642 123 2694 12
182 2635 256 2713 dam
274 2635 403 2714 primum
424 2653 492 2696 cum
512 2633 634 2714 singulis
655 2636 837 2697 vestimentis
855 2636 986 2696 inermes
1006 2634 1073 2689 extra

131 2717 239 2779 vallum
253 2719 437 2795 exireersi,
453 2725 483 2779 et
497 2720 587 2796 primi
601 2719 701 2779 traditi
715 2716 835 2779 obsides
847 2727 936 2798 atque
950 2717 1074 2778 incusto-

92 2807 124 2860 ltt
135 2799 213 2860 diam
227 2799 359 2870 abducti,
382 2807 444 2861 tum
459 2819 476 2862 a
490 2800 660 2863 oonsulibus
675 2801 757 2863 abire
775 2799 896 2864 lictores
905 2799 986 2892 jussi
1005 2791 1073 2876 palu·

133 2883 326 2962 dameutaque
338 2881 484 2945 detracta:
495 2890 606 2944 tantam
617 2886 652 2945 id
660 2885 740 2946 inter
751 2887 838 2964 ipsos,
851 2885 902 2966 qul
912 2881 1009 2964 paullo
1018 2881 1074 2939 anit

133 2984 184 3027 eos
198 2972 371 3028 execrantes
385 2964 535 3027 dedendos
549 2965 780 3047 lacerandosque
794 2972 985 3039 censuerant,
1000 2963 1073 3024 mise·

91 3058 125 3110 14
133 3051 278 3111 rationem
294 3048 376 3121 lecit,
395 3057 429 3111 ut
443 3066 513 3113 suae
530 3051 654 3131 quisque
669 3052 851 3113 condicionis
867 3050 974 3112 oblitus
987 3046 1022 3109 ab
1033 3039 1073 3106 illa

133 3133 346 3196 deformatione
359 3141 457 3197 tantm
520 3136 527 3150 '
562 3136 630 3196 tatis
641 3134 721 3196 velut
733 3135 770 3196 ab
782 3135 910 3198 nefando
921 3122 1073 3213 spectaculo

107 3216 399 3280 taverteretoculos.
414 3212 489 3289 tvl.
562 3219 613 3279 imi
624 3219 759 3283 consules
770 3237 864 3300 prope
874 3213 1017 3293 seminudi
1029 3203 1073 3271 sub

122 3301 234 3396 jugum
252 3302 349 3373 missi,
369 3309 432 3364 tum
452 3304 629 3383 utquisque
649 3302 743 3382 gradu
762 3320 923 3382 proxumus
945 3296 1019 3367 erat,
1041 3293 1074 3351 iit

105 3383 313 3458 ergnominlae
328 3384 476 3480 obpectns,
491 3395 554 3451 tum
569 3387 708 3467 deinceps
718 3386 852 3467 singulae
864 3387 1003 3466 legiones.
1027 3376 1074 3436 cir·

134 3463 318 3527 cumstabaut
332 3470 437 3530 armati
450 3469 551 3532 hostes
563 3470 775 3552 exprobrantes
787 3473 1008 3548 credentesque
1024 3457 1076 3540 8¹²·
