2396 3920
203 232 300 274 cisun
314 232 383 274 vnn.
403 232 470 275 uun.
487 221 530 271 20.
544 220 587 271 nt.
603 222 646 274 nr.
664 213 703 294 [a.
721 216 756 278 c,
770 214 910 299 330.328]
997 92 1058 287 71(

84 388 165 447 ratus:
188 370 362 459 „quoniam
384 386 520 440 auctores
546 379 744 441 defectionis“
770 385 866 463 inquit
888 385 1079 459 „meritaslt

82 480 183 544 poenas
199 470 230 524 et
253 462 295 524 ab*
309 462 364 522 diis
383 462 589 526 inmortalibus
612 472 671 525 eta
690 465 772 527 robis
791 467 915 536 habeut,
937 476 1037 548 patres
1090 510 1096 533 ,«

80 549 251 627 conscripti,
268 546 339 626 quid
355 545 451 625 placet
465 546 502 609 de
517 548 635 609 innoxia
649 547 837 613 multitudine
853 552 938 614 lieri?
955 555 1036 633 equi·
1046 548 1101 619 12·ῖὲ

78 631 150 703 dem,
165 632 227 693 etsi
242 648 328 692 meae
338 637 439 710 partes
454 631 654 710 exquirendae
664 634 759 712 magis
770 638 934 698 sententiae
948 655 1035 715 quam
1088 634 1099 721 ξ
1178 664 1179 669 “

76 716 184 777 dandae
202 723 407 786 suntstamen,
426 715 617 778 cumrideam
632 715 818 779 Privernates
832 720 942 781 ricinos
954 720 1036 783 Sam·
1087 726 1096 762 i

75 800 181 862 ultibus
201 817 283 867 esse,
299 797 378 859 uude
394 815 474 860 nunc
487 798 572 859 nobis
588 801 784 863 incertissima
801 820 858 881 pax
875 811 933 874 est,
949 823 1036 883 qnam
1086 820 1093 875 ζ

73 886 229 945 minimum
261 884 373 943 irarum
405 883 483 942 inter
514 901 568 944 nos
602 882 725 964 illosque
757 885 886 965 relinqui
916 886 1037 949 velim.“

75 966 144 1030 lllll.
175 968 255 1029 Cum
269 969 334 1045 ipsa
344 983 401 1045 per
415 983 481 1027 sese
494 983 543 1027 res
558 982 666 1048 anceps
682 976 775 1039 esset,
791 977 880 1048 prout
896 972 1063 1050 cuiusquel
1088 968 1094 1041 ζ

76 1053 226 1130 ingenium
243 1059 308 1110 erat
327 1050 455 1110 atrocius
474 1051 609 1115 mitiusve
628 1052 832 1124 suadentibus,
854 1062 916 1116 tum
938 1056 1035 1116 incer·
1088 1052 1098 1129 «ξ

76 1136 145 1196 tinra
157 1135 262 1196 omnia
272 1151 349 1197 unus
361 1151 398 1193 ex
411 1133 630 1196 Privernatibus
645 1135 748 1215 legatis
759 1137 842 1209 lecit
859 1141 953 1218 magis
965 1158 1035 1200 con·

78 1217 213 1289 dicionis,
228 1218 263 1277 in
278 1235 335 1296 qua
350 1224 435 1281 natus
450 1225 542 1287 esset,
566 1237 652 1297 quam
674 1224 839 1300 praesentis
854 1225 1036 1285 necessitatis
1085 1252 1098 1309 q

78 1319 203 1372 memor,
233 1303 285 1379 qui
310 1302 509 1380 iuterrogatus
530 1320 547 1362 a
567 1302 693 1381 quodam
713 1306 851 1366 tristioris
873 1309 1065 1368 sententiaeb

80 1393 203 1456 auctore,
215 1402 307 1465 quam
316 1402 442 1464 poenam
454 1386 769 1448 meritosPrivernates
780 1397 917 1451 censeret
929 1398 1035 1460 „eam“

81 1469 187 1546 inquit,
205 1487 314 1549 „quam
326 1476 494 1538 merentur,
512 1470 562 1547 qui
577 1486 608 1530 se
619 1468 753 1543 libertate
765 1470 869 1548 dignos
882 1481 1034 1534 censent.“

84 1553 166 1611 cuius
181 1569 243 1612 cum
262 1553 357 1613 feroci
377 1570 521 1632 responso
541 1551 708 1615 infestiores
730 1553 822 1613 factos
836 1555 949 1616 rideret
965 1563 1064 1616 con-3
1086 1561 1097 1627 5?

82 1633 125 1695 sul
141 1653 204 1707 eos,
229 1639 366 1716 quiante
388 1636 602 1697 Privernatium
625 1653 743 1697 causam
764 1637 980 1716 inpugnabant,
1003 1647 1036 1700 ut
1083 1632 1097 1665 ‘⁴'

77 1719 138 1798 ipse
156 1719 285 1798 benigna
310 1721 543 1799 interrogatione
569 1720 669 1781 mitius
696 1738 872 1800 responsum
900 1721 1033 1785 eliceret:
1080 1750 1091 1799 ,ι

81 1804 179 1881 „quid
194 1806 220 1864 si
237 1822 363 1884 poenam
373 1813 390 1836 “
405 1805 501 1883 inquit
516 1805 719 1874 „remittimus
733 1803 833 1877 vohis,
849 1806 964 1886 qualem
981 1826 1035 1870 nos
1050 1801 1094 1925 tp
1178 1840 1179 1853 2

80 1905 177 1966 pacem
192 1887 343 1951 nobiscum
357 1886 510 1949 babituros
523 1889 694 1967 speremus?
704 1900 722 1924 ⁴‘
736 1890 783 1960 „si
797 1888 905 1954 bonam
918 1890 1034 1953 dederi·
1075 1900 1091 1971 j

79 1971 114 2031 tis
122 1980 138 2004 “
151 1973 262 2052 inquit,
281 2019 300 2042 „
310 1981 339 2032 et
352 1971 440 2032 fidam
456 1981 486 2034 et
495 1979 684 2055 perpetuam
698 1975 723 2034 si
736 1972 859 2046 malam,
874 1976 952 2038 haud
971 1977 1034 2038 diu·
1079 1988 1083 2035 ἱ

78 2062 224 2117 trunam.“
253 2064 316 2117 tum
331 2073 401 2116 vero
415 2057 538 2125 minari,
554 2074 610 2116 nec
624 2055 652 2117 id
664 2057 816 2136 ambiguo,
831 2059 1035 2121 Privernatem
1050 2069 1082 2119 oi
1178 2066 1179 2155 p

76 2140 207 2219 quidam,
236 2147 266 2201 et
285 2138 343 2200 illis
362 2138 483 2201 vocibus
502 2139 539 2201 ad
554 2138 760 2202 rebellandum
780 2142 899 2205 breitari
915 2150 1035 2222 pacatos
1073 2160 1081 2220 4.’
1178 2158 1179 2211 1

75 2222 214 2302 populos;
229 2242 300 2304 pars
314 2224 414 2285 mitior
429 2230 548 2291 senatus
564 2223 601 2285 ad
617 2222 742 2286 meliora
757 2243 899 2304 responsa
916 2226 1035 2287 trabere
1050 2226 1082 2305 6³3
1178 2224 1179 2269 ἶ

76 2317 105 2368 et
125 2308 227 2369 dicere
247 2309 302 2369 viri
331 2315 360 2369 et
379 2305 467 2368 liberi
488 2325 590 2369 vocem
613 2307 757 2370 auditam:
787 2327 824 2369 an
846 2308 928 2371 credi
946 2327 1034 2389 posse
1074 2308 1079 2313 ’

75 2391 166 2453 ullum
188 2391 332 2473 populum
352 2399 403 2452 aut
422 2392 573 2452 hominem
597 2391 724 2471 denique
747 2394 778 2452 in
793 2411 827 2454 ea
848 2394 1033 2465 condicione,

75 2477 157 2537 cuius
178 2494 244 2537 eum
266 2476 428 2556 paeniteat,
450 2475 574 2542 diutius,
598 2494 687 2554 quam
702 2493 822 2537 necesse
838 2479 889 2546 sit,
915 2496 1033 2539 mansu·
1178 2498 1179 2503 ¹

74 2560 159 2620 ruml
185 2559 228 2621 ibi
252 2578 356 2639 pacem
386 2577 451 2621 esse
472 2558 576 2630 lidann,
603 2557 652 2618 ubi
674 2557 831 2621 voluntarii
852 2561 948 2638 pacati
966 2561 1034 2629 sint,
1050 2569 1087 2631 7¹
1178 2572 1179 2575 ’

75 2660 170 2722 oeque
184 2662 220 2705 eo
234 2641 311 2715 loco,
323 2642 376 2704 ubi
388 2644 560 2705 servitutem
572 2658 637 2702 esse
649 2640 747 2711 velint„
760 2641 847 2701 fldem
859 2641 1041 2722 sperandam,
1084 2640 1091 2683 ’ἶ
1178 2684 1179 2691 1

75 2744 150 2787 esse.
187 2728 219 2789 iu
238 2727 316 2788 banc
338 2728 512 2789 sententiam
536 2725 665 2787 maxime
682 2723 785 2785 consul
806 2727 869 2806 ipse
883 2726 1035 2787 inclinavit
1049 2733 1088 2805 θ’ἱ

76 2811 188 2873 animos
208 2811 371 2873 identidem
386 2811 423 2872 ad
444 2811 594 2890 principes
619 2811 832 2872 sententiarum
854 2812 1033 2883 consulares,
1079 2812 1086 2887 ἕ
1178 2874 1179 2879 ,

77 2895 119 2954 uti
139 2895 272 2958 exaudiri
292 2904 393 2973 posset
410 2893 589 2974 apluribus,
614 2893 739 2971 dicendo
755 2913 805 2956 ens
828 2895 961 2968 demum,
985 2898 1035 2977 qui
1050 2903 1090 2977 eg
1178 2940 1179 2979 3

78 2977 149 3037 nihil
164 2987 373 3059 praeterquam
391 2979 428 3041 de
443 2978 579 3040 libertate
594 2981 738 3056 cogitent,
764 2979 869 3058 dignos
884 2998 964 3052 esse,
985 2982 1034 3059 qui
1178 2984 1179 3053 j

76 3058 198 3124 Romani
213 3064 295 3124 fiant.
324 3064 423 3143 itaque
444 3070 474 3124 et
495 3065 527 3124 in
544 3071 650 3124 senatu
664 3081 782 3124 cansam
807 3063 962 3125 obtinuere
980 3109 988 3133 ,
1004 3070 1032 3123 et
1043 3070 1085 3139 1(εῇι

78 3160 115 3202 en
130 3149 300 3208 auctoritate
314 3154 432 3224 patrum
447 3146 538 3209 latum
553 3146 742 3226 adpopulum
757 3155 815 3218 est,
831 3154 865 3207 ut
879 3147 1032 3207 Priverns·
1178 3150 1179 3227 t

79 3224 153 3289 tibus
166 3232 266 3295 civitas
278 3229 408 3292 daretur.
440 3230 543 3295 eodem
555 3248 633 3290 anuo
647 3230 748 3292 Anxur
762 3230 887 3291 trecenti
906 3230 937 3289 iu
952 3227 1030 3291 colo·
1044 3220 1075 3325 q}

80 3309 155 3373 niam
175 3315 258 3377 missi
277 3324 361 3384 sunt;
377 3314 446 3377 bina
462 3315 563 3393 iugera
581 3315 643 3391 agri
662 3324 850 3392 acceperunt.

140 3394 225 3460 xxu.
254 3399 380 3471 Secutus
392 3407 437 3459 est
448 3416 541 3460 annus
556 3394 636 3458 nulla
647 3415 681 3458 re
692 3396 762 3464 belli
774 3396 889 3458 domive
901 3399 1033 3477 insignis,
1049 3406 1063 3457 1

82 3472 114 3533 P.
127 3477 236 3544 Plautio
251 3481 378 3544 Proculo
399 3482 431 3543 Ρ.
450 3480 586 3542 Cornelio
598 3479 723 3559 Scapula
740 3480 923 3553 consulibus,
945 3499 1031 3560 prae·
1047 3487 1066 3537 2
