2290 3920
271 188 448 295 amiam.
466 252 535 296 on».
549 231 666 316 sap.
680 236 715 300 o.
729 234 791 319 ω]
943 241 1004 305 265

60 403 156 461 mixtos
180 401 373 480 strepentium
397 401 624 480 pauentiumque
650 400 794 461 clamores
814 404 1004 466 circumfere-
1048 435 1056 465 s
1132 402 1133 409 '

60 481 123 543 bant
135 500 185 543 ora
200 483 369 566 oculosque.
402 484 450 544 aiii
470 485 615 562 fugientes
634 485 827 563 pugnantium
849 487 935 565 globo
959 484 1059 563 inoff*

61 563 103 626 iati
116 567 291 638 haerebant,
315 566 387 629 elios
409 567 566 629 redeuntes
588 568 619 627 in
641 582 769 646 pugnam
787 571 936 631 avertebat
958 571 1003 632 iu·
1041 566 1054 711 q*

59 651 188 726 gientium
206 668 321 728 ogmen
353 651 473 723 deinde,
494 650 545 712 ubi
558 653 589 711 in
606 651 702 712 omnis
721 653 813 730 partis
828 656 1034 734 nequiquamd

58 733 172 812 mpetus
188 736 283 813 capti,
304 743 333 795 et
348 735 384 796 eb
404 733 545 796 lateribus
563 732 681 796 montes
700 752 734 795 ac
754 734 849 806 lacus,
871 756 887 798 a
907 737 1003 798 fronte
1041 718 1050 819 ξ
1132 770 1133 773 ¹

12 882 13 885 Ἴ
59 824 83 876 et
99 816 132 877 tb
153 825 237 896 tergo
260 817 389 879 hostium
403 820 480 880 acies
495 818 666 888 claudebat,
686 820 877 900 apparuitque
895 820 1004 882 trullam

12 908 14 911 ’
58 900 106 959 nisi
117 902 148 960 in
162 901 285 963 dextera
300 903 437 982 ferroque
453 901 553 974 salutis
569 920 652 980 spem
667 920 745 973 esse,
767 909 828 963 turn
853 903 908 965 sibi
925 900 1032 982 quis-7

12 1014 14 1017 v
58 1000 106 1060 quc
119 983 177 1046 dux
196 984 425 1065 adhortatorque
447 985 541 1049 iactus
560 986 596 1047 ad
619 1004 683 1047 rem
700 987 859 1064 gerendam
883 995 912 1049 ct
930 1006 1004 1049 nova

12 1130 13 1133 Ἴ
58 1063 89 1125 de
101 1067 212 1147 integro
229 1076 332 1131 exorte
353 1086 453 1148 pugne
468 1078 527 1140 est,
552 1088 612 1130 non
635 1069 685 1130 illa
700 1070 834 1132 ordinata
847 1089 902 1150 per
922 1074 1003 1150 priu-
1041 1124 1046 1155 θ,

12 1180 15 1233 f
58 1148 127 1226 cipes
137 1151 326 1232 hastatosque
337 1171 372 1213 ac
383 1154 515 1225 triarios,
532 1171 588 1216 nec
599 1160 632 1214 ut
642 1157 697 1232 pr'o
709 1155 800 1232 signis
811 1157 1002 1234 antesignani,
1046 1206 1049 1213 ,

12 1260 13 1263 “
56 1240 113 1308 post
124 1237 205 1314 signe
218 1236 274 1298 alie
290 1244 437 1315 pugnaret
449 1238 541 1306 ecies,
558 1253 614 1299 nec
628 1239 706 1298 utin
720 1255 773 1299 sua
792 1237 908 1317 legione
919 1238 1003 1300 miles
1042 1280 1054 1317 ¹.
1132 1282 1133 1297 2

58 1324 99 1374 aut
111 1319 229 1381 cohorte
248 1319 461 1399 autmanipulo
476 1328 567 1382 esset:
584 1320 646 1380 iors
661 1319 832 1398 conglobat,
849 1333 878 1383 et
890 1325 1004 1385 animus
1014 1327 1052 1391 82
1132 1386 1133 1389 ,

58 1414 117 1460 snus
130 1405 235 1484 cuique
250 1412 320 1478 ante
335 1411 385 1465 aut
405 1412 473 1482 post
492 1403 642 1482 pugnandi
658 1403 793 1464 ordinem
815 1404 916 1476 dabat;
937 1415 1002 1467 tan·

12 1502 14 1537 ss
57 1486 147 1562 iusque
158 1485 213 1548 init
225 1488 316 1548 ardor
327 1489 507 1554 animorum,
523 1487 596 1547 adeo
607 1489 737 1547 intentus
751 1504 867 1565 pugnae
879 1491 1002 1558 animus,
1033 1512 1060 1569 j,
1132 1502 1133 1511 ¹

58 1571 84 1623 ut
93 1583 154 1630 eum
164 1580 277 1633 motum
290 1580 396 1642 terrae,
414 1572 464 1649 qui
472 1569 630 1632 multarum
641 1569 760 1631 urbium
771 1569 872 1631 Italiae
883 1587 1003 1647 magnas

56 1658 142 1722 partes
165 1656 326 1731 prostravit
345 1655 508 1734 avertitque
531 1672 618 1715 cursu
641 1653 761 1733 rapidos
784 1654 893 1724 amnis,
920 1671 1003 1714 mare
1032 1700 1050 1725 v,
1085 1702 1088 1719 ,

57 1727 211 1798 inmanibus
233 1739 358 1807 invexit,
383 1745 500 1799 montes
516 1739 599 1817 lapsu
619 1738 732 1815 ingenti
755 1738 884 1817 proruit,
916 1754 1002 1798 neme
1038 1790 1039 1793 ,
1077 1758 1082 1781 r

57 1822 234 1893 pugnantium
252 1823 389 1884 senserit.

106 1900 149 1963 VI.
174 1904 242 1967 Tris
263 1905 358 1966 ferme
378 1905 468 1969 horas
486 1914 648 1985 pugnatum
666 1913 724 1974 est,
750 1913 779 1967 et
799 1904 908 1984 ubique
927 1909 1031 1965 atro-l

12 2032 13 2037 ,
58 1979 130 2053 citer3
146 1989 223 2050 circa
238 1988 391 2051 consulem
406 1996 506 2049 tamen
518 1991 615 2051 acrior
629 1989 822 2069 infestiorque
836 2006 934 2068 pugna
949 1996 1002 2049 est
1045 2030 1049 2073 3

57 2077 113 2155 cum
128 2075 155 2128 et
175 2072 285 2134 robora
306 2074 436 2134 virorum
456 2072 654 2152 sequebantur
670 2080 700 2133 ot
716 2074 794 2152 ipsc,
820 2079 1031 2151 quacumquce

56 2158 81 2204 ¹11
92 2159 170 2225 parte
184 2158 283 2234 premi
298 2174 341 2217 ae
352 2155 488 2217 laborare
505 2163 639 2217 senserat
653 2174 736 2225 suos,
758 2157 873 2234 inpigre
891 2153 1004 2214 serebat
1048 2160 1050 2165 “

57 2243 145 2305 ⁰P0m3
169 2239 375 2319 insignemque
389 2241 480 2301 armis
494 2248 528 2300 et
539 2240 640 2300 hostes
654 2257 768 2300 summa
779 2240 807 2297 vi
821 2235 961 2315 petebant
975 2243 1004 2296 et
1127 2314 1130 2319 Δ

56 2313 200 2383 tuebantur
213 2327 307 2394 cives,
331 2323 425 2383 donee
439 2321 563 2383 Insuber
585 2332 674 2401 eques
689 2357 732 2370 -
747 2320 874 2382 Ducenio
894 2338 1002 2380 nomen
1024 2334 1045 2417 ’ξ

58 2406 111 2458 erat
123 2434 162 2448 -—·
173 2404 248 2469 iacis
260 2424 377 2486 quoque
389 2407 536 2466 noscitans
547 2405 697 2466 consulem
714 2412 805 2475 „co“
819 2404 915 2482 inquit
929 2404 1002 2473 „hie
1037 2422 1039 2427 ⁴

58 2486 116 2538 ‘'di“
129 2489 319 2567 popularibus
329 2491 404 2559 suis,
422 2536 441 2560 „
450 2491 500 2568 qui
514 2488 645 2567 legiones
656 2496 772 2548 nostras
787 2487 892 2547 cecidit
901 2504 1002 2565 agros·

57 2574 104 2635 quo
116 2577 143 2628 ct
156 2573 260 2635 urbem
275 2579 320 2634 est
331 2571 536 2652 depopulatus!
553 2573 610 2632 iam
623 2588 677 2649 ego
690 2572 767 2632 hauc
778 2572 925 2630 victimam
940 2588 1002 2631 ma·
1046 2612 1048 2615 -

58 2642 132 2737 nibus
139 2663 360 2737 peremptorum
372 2656 458 2717 foede
469 2658 575 2716 civium
587 2653 678 2725 dabo;
687 2663 706 2688 “
718 2653 899 2732 subditisque
908 2652 1002 2714 calca·
1014 2661 1037 2731 ⁴3
1132 2726 1133 2729 Ἴ

57 2723 127 2791 ”bus
143 2755 217 2819 equo
231 2759 286 2822 per
306 2740 550 2801 confertissimam
573 2739 700 2799 hostium
724 2738 840 2799 turbam
861 2738 1002 2816 impeturn
1034 2740 1045 2815 ξ’

57 2804 132 2886 iecit,
143 2820 374 2905 obtruncatoque
384 2824 467 2903 prius
479 2825 640 2902 armigero,
657 2824 746 2902 quise
757 2822 864 2883 infesto
876 2823 1003 2882 venienti
1032 2816 1042 2839 ⁵

59 2889 160 2988 “bvium
171 2906 335 2979 obiecerat,
353 2907 504 2969 consulem
517 2905 618 2968 lancea
637 2907 796 2975 transfixit;
812 2905 940 2986 spoliare
952 2924 1000 2967 cu·
1013 2847 1042 3045 j

58 2987 175 3066 Pitssicm
186 2993 280 3053 triarii
291 2992 414 3053 obiectis
430 2993 519 3053 scutis
530 3008 662 3052 arcuere.
692 3008 815 3069 magnae
831 2989 1002 3069 partisiuga
1030 2986 1051 3057 J>
1132 3052 1133 3055 Ἴ

58 3058 118 3122 lide
133 3073 258 3147 primum
273 3077 385 3155 coepit;
408 3084 438 3137 et
456 3078 515 3137 iam
530 3092 586 3136 nec
598 3072 680 3134 lacus
694 3092 751 3135 uec
765 3079 880 3134 montes
901 3072 1003 3150 pauori
1023 3068 1035 3159 e}

59 3137 212 3218 ⁰h⁸itbent2
237 3177 292 3238 per
307 3161 404 3220 omnia
419 3167 482 3220 arta
504 3162 720 3238 praeruptaque
740 3156 818 3216 velut
840 3157 920 3215 caeci
936 3171 1002 3213 eva·
1024 3166 1040 3239 ξ,

62 3217 137 3301 dunt,
152 3254 289 3323 armaque
299 3251 330 3304 et
340 3244 396 3305 viri
407 3261 496 3322 super
507 3242 595 3304 alium
606 3239 655 3300 alii
666 3241 906 3319 praecipitantur.
935 3238 1041 3369 persp
1132 3268 1133 3271 ¹

61 3317 168 3390 milli,
189 3323 239 3386 ubi
254 3327 336 3391 iocus
350 3327 437 3404 fugae
455 3326 551 3396 deest,
577 3341 631 3403 per
645 3325 741 3403 prima
754 3322 827 3383 rade
840 3321 955 3402 paludis
971 3324 1003 3381 in
1023 3326 1041 3426 ζ

63 3399 155 3466 equam
166 3411 324 3487 progressi,
340 3409 437 3489 quoad
449 3409 593 3488 capitibus
604 3408 749 3469 umerisve
758 3413 859 3469 extare
870 3413 1001 3486 possunt,

62 3480 303 3572 sisdirimerguut.
331 3491 1002 3574 fuerequosinconsultuspavornandoetiam
1132 3528 1133 3535 ,
