2396 3920
146 269 153 276 ¹
187 232 193 242 -
264 220 427 263 manvu,
444 220 513 265 om.
528 212 573 265 24.
588 203 685 287 aa.[a.
698 209 733 270 c.
747 214 808 271 ato.
822 209 885 289 aaa]
1014 221 1055 282 25

100 362 215 431 dendus
232 378 285 428 aut
299 366 413 428 dandus
428 376 472 429 est
485 373 614 449 sanguis.
646 372 818 454 propulistis
834 394 850 435 a
867 380 985 449 castris,
1007 397 1056 442 su·

95 453 158 529 pina
175 449 257 510 valle
273 452 451 530 praecipites
475 455 591 529 egistis,
613 456 712 515 stratis
732 458 906 536 corporibus
927 461 1054 526 hosdem

90 536 285 612 superstatis;
309 534 454 613 complete
470 536 572 597 eadem
594 549 693 616 strage
715 556 847 618 campos,
869 561 926 622 qua
947 549 1057 607 montis

89 617 241 695 replestis.
268 616 359 677 nolite
373 628 544 696 expectare,
569 620 639 681 duma
659 629 770 683 stantes
784 642 834 684 ros
858 625 985 704 fugiant3
1011 630 1088 690 int

89 699 215 760 serenda
232 708 303 760 sunt
317 701 410 778 sigua,
428 712 458 761 et
468 703 633 764 vadendum
646 706 679 765 in
693 705 839 766 hostem.“
860 707 906 770 his
919 710 1057 774 adhorta·
1071 722 1087 770 7

87 784 225 843 tionibus
240 785 349 843 iterum
363 787 458 845 coorti
473 784 587 863 pellunt
601 787 667 848 loco
680 790 793 867 primos
806 792 972 870 manipulos
988 794 1055 856 Gal·

86 865 208 936 lorum,
234 868 337 927 cuneis
363 866 472 928 deinde
500 870 531 929 iu
556 870 686 932 medium
718 890 825 949 agmen
850 885 1055 955 perrumpunt.

86 949 156 1010 inde
172 949 300 1010 barbari
317 950 462 1029 dissipati,
481 951 587 1030 quibus
598 971 655 1014 nec
666 965 748 1016 certa
762 957 886 1034 imperia
898 975 953 1018 nec
965 958 1086 1021 ducesa

89 1042 205 1101 essent,
231 1041 350 1093 vertum
371 1035 515 1113 immtum
527 1037 558 1095 in
573 1055 656 1106 suos;
682 1037 797 1118 lusique
814 1057 868 1118 per
892 1054 1011 1120 campos
1027 1051 1057 1103 et

88 1117 971 1201 praetercastraetiamsuaiugapraelati,quodeditissimum
978 1126 1055 1186 inter

91 1198 233 1277 aequales
243 1198 554 1262 tumulosoccurrebat
564 1202 665 1275 oculis,
681 1223 779 1266 arcem
785 1205 928 1268 Albanam
941 1214 1054 1286 petunt.

92 1281 197 1343 consul
212 1300 273 1344 non
287 1282 365 1343 ultra
376 1292 472 1344 castra
486 1286 652 1356 insecutus,
668 1290 736 1367 quia
752 1295 781 1348 et
795 1288 900 1350 vulnus
914 1290 1054 1368 degra‘va-
1069 1300 1086 1351 9

94 1363 146 1424 bat
156 1374 188 1426 et
200 1365 338 1426 eubicere
354 1369 516 1428 exercitum
527 1369 648 1430 tumulis
659 1369 696 1430 ab
710 1371 796 1431 hoste
807 1375 958 1451 occupatis
972 1374 1054 1434 nole·

95 1445 163 1516 bat,
173 1449 279 1526 praeda
291 1451 373 1521 omni
385 1444 550 1512 castrorum
565 1451 650 1511 militi
661 1452 728 1512 data
738 1454 880 1515 victorem
892 1458 1055 1517 exercitum

101 1529 327 1611 opulentumque
351 1531 471 1594 Gallicis
494 1532 596 1612 spoliis
619 1532 743 1595 Romam
770 1535 896 1595 reduxit.
938 1546 1097 1598 moramtt)

80 1613 246 1692 ,triumpho
257 1615 363 1676 vulnus
380 1615 511 1677 consulis
522 1616 632 1687 attulit,
649 1617 811 1698 eademque
828 1635 915 1678 causa
931 1617 1054 1681 dictato·

94 1697 137 1756 ris
149 1696 327 1761 desiderium
343 1701 458 1762 senatui
470 1701 554 1770 iecit,
571 1709 604 1760 ut
618 1708 696 1762 esset
708 1701 759 1781 qui
774 1702 872 1779 aegris
883 1702 1054 1766 consulibus

93 1782 213 1842 comitia
229 1780 365 1843 baberet.
405 1782 531 1847 dictator
547 1785 580 1845 L.
596 1784 704 1845 liuius
725 1784 863 1847 Camillus
878 1786 974 1848 dictus
1000 1789 1051 1850 ad·
1063 1794 1093 1846 11

92 1861 156 1923 dito
170 1866 313 1943 magistro
324 1866 455 1945 equitum]
469 1867 500 1927 P.
518 1866 654 1928 Cornelio
666 1865 804 1948 Scipione
820 1869 949 1931 reddidit
962 1875 1055 1951 patri-

89 1946 147 2008 bus
162 1950 381 2027 possessionem
399 1950 554 2029 pristinam
570 1951 747 2014 consulatus.
785 1954 850 2031 ipse
866 1953 904 2014 ob
919 1955 949 2015 id
964 1958 1054 2016 meri·
1080 1955 1083 1961 '

89 2037 154 2091 tum
175 2034 292 2110 ingenti
313 2041 431 2111 patrum
451 2035 548 2095 studio
570 2042 687 2096 creatus
709 2035 813 2099 consul
829 2034 978 2114 collegam
999 2038 1053 2116 dp.

90 2114 248 2176 Claudium
266 2115 404 2177 Crassum
420 2116 500 2177 dixit.

152 2198 242 2258 XXV.
271 2197 446 2278 Priusquam
461 2201 570 2261 inirent
592 2204 660 2264 nori
680 2200 817 2262 consules
839 2203 1080 2279 magistratumt

88 2282 262 2359 triumphus
282 2298 299 2341 a
314 2281 429 2363 Popilio
447 2283 484 2344 de
501 2283 591 2346 Gallis
609 2293 692 2345 actus
707 2301 815 2362 magno
835 2282 935 2344 lavore
949 2283 1052 2363 plebis,

88 2374 319 2442 mussantesque
332 2366 412 2426 inter
424 2384 458 2426 se
472 2368 656 2445 rogitabant,
674 2386 745 2428 num
756 2384 853 2444 'quem
868 2366 967 2446 plebei
982 2385 1053 2428 con·

88 2447 353 2526 aulis-paeniteret.
385 2449 472 2510 simul
487 2450 660 2512 dictatorem
681 2449 887 2527 increpabant,
909 2452 959 2527 qui
981 2450 1082 2527 legisa

88 2530 224 2592 Liciniae
235 2541 353 2610 spretae
363 2534 533 2594 mercedem
546 2530 761 2614 [consulatum]
772 2530 883 2608 privata
895 2533 1054 2609 cupiditate

90 2633 180 2694 quam
197 2613 318 2693 publica
337 2617 445 2676 iniuria
460 2615 625 2676 foediorem
639 2616 780 2690 cepisset,
801 2619 834 2671 ut
850 2614 959 2690 seipse
982 2631 1052 2674 con·

89 2696 187 2758 sulem
210 2697 338 2759 dictator
360 2707 499 2762 crearet..
523 2715 619 2759 annus
640 2695 740 2757 multis
760 2695 906 2775 variisque
924 2695 1081 2760 motibustt

89 2781 146 2842 luit
159 2782 295 2858 insignis.
325 2781 400 2843 Galli
417 2800 453 2844 ex
466 2782 586 2843 Albanis
600 2778 764 2848 montibus,
787 2779 852 2857 quia
874 2780 980 2843 hiemis
995 2783 1052 2844 vim

89 2866 152 2942 pati
167 2866 381 2943 nequiverant,
399 2877 455 2944 per
470 2883 590 2945 campos
603 2866 820 2945 maritumaque
835 2862 900 2924 loca
916 2866 981 2943 vagi
999 2884 1053 2943 po·

90 2947 288 3027 palummum
322 2966 404 3009 mare
435 2950 577 3010 infestum
604 2946 746 3025 classibus
775 2948 957 3009 Graecorum
990 2957 1084 3008 erata

90 3049 204 3110 oraque
220 3030 315 3092 litoris
330 3033 455 3093 Antiatis
465 3033 655 3110 Laurensque
670 3036 782 3091 nactus
797 3038 826 3091 at
838 3028 954 3091 'liberis
970 3033 1051 3098 ostia,

90 3122 123 3175 ut
137 3114 307 3193 praedones
320 3117 462 3177 maritimi
478 3134 544 3176 cum
559 3113 751 3175 terrestribus
765 3114 916 3190 congressi
932 3114 1052 3190 ancipiti

89 3196 185 3257 semel
199 3198 316 3277 proelio
331 3198 527 3268 decertarint,
546 3197 686 3277 dubiique
701 3196 891 3257 discesserint
910 3195 942 3254 in
957 3205 1053 3257 castra

90 3279 183 3350 Galli,
201 3281 308 3346 Graeci
324 3289 406 3342 retro
423 3281 459 3342 ad
475 3299 578 3352 naves,
595 3283 686 3341 victos
710 3297 742 3340 se
760 3295 800 3339 an
821 3277 948 3362 victores
968 3289 1053 3358 puta·

88 3373 168 3425 rent.
200 3365 281 3425 inter
291 3365 346 3426 bos
361 3364 450 3442 longe
464 3366 609 3426 maximus
624 3363 719 3423 extitit
732 3368 847 3430 terror,
863 3360 986 3422 concilia
1001 3380 1053 3439 po·
1068 3368 1084 3417 o

86 3446 231 3525 pudorum
255 3448 430 3510 Latinorum
450 3448 487 3508 ad
507 3446 607 3519 lucum
627 3445 803 3506 Ferentinae
816 3441 915 3503 habita
931 3460 1053 3522 respon·
