2396 3920
395 520 548 617 ΤΙΤΙ
580 519 736 615 LIVI

262 691 320 755 ss
353 686 474 752 unse
502 683 700 748 couniti
727 685 859 748 nsunt.

492 870 644 881 -ι-ι--ο

371 1001 558 1064 PERIOCHA
577 1000 679 1063 LIBRI
698 1003 757 1064 Vll.

146 1127 204 1176 Duo
215 1123 280 1174 novi
290 1120 458 1186 mugistrstus
469 1118 560 1168 adiecti
573 1124 641 1177 sunt,
653 1127 771 1185 praetura
783 1128 809 1172 et
819 1122 913 1174 curulis
924 1122 1050 1173 aedilitas.

89 1192 229 1258 pestilentis
244 1190 336 1240 civitas
353 1185 490 1245 isborsvit,
506 1198 615 1247 eumque
630 1185 755 1252 insignem
773 1188 834 1239 iecit
848 1203 918 1241 mors
930 1189 990 1240 luri
1001 1188 1050 1240 cu-

89 1259 155 1309 milli.
172 1258 247 1309 euius
257 1254 398 1306 nuseium
410 1260 436 1302 et
446 1252 505 1303 finis
516 1266 574 1302 cum
586 1265 633 1317 pcr
644 1265 723 1317 nonus
731 1254 778 1305 reli
797 1257 868 1308 'ona
881 1264 1050 1319 quaereretur,

89 1324 139 1375 lutli
149 1324 266 1376 scaenici
276 1330 339 1372 tuuc
349 1321 458 1387 primum
469 1318 531 1368 iscti
542 1324 611 1368 sunt.
640 1333 700 1371 cum
712 1321 768 1372 dies
802 1323 915 1375 ‚lisnlio
928 1324 995 1374 (lictu
1007 1337 1064 1373 es·-

92 1401 128 1441 set
137 1406 153 1440 u
163 1391 199 1441 ll.
211 1389 356 1452 Pomponio
371 1389 470 1437 tribuno
482 1385 565 1452 plebis
577 1391 681 1464 propiet
693 1387 811 1438 (illectum
828 1391 919 1439 scerbe
930 1399 1014 1439 sctum
1026 1398 1050 1438 et

92 1456 122 1504 'l.
129 1457 262 1506 ilsnltum
270 1454 352 1501 ulium
361 1469 403 1502 rus
412 1455 552 1517 relegatum
564 1466 621 1501 stne
631 1452 684 1501 ullo
696 1455 810 1513 crimine,
823 1455 973 1504 adulescens
984 1457 1049 1519 ipse,

98 1523 169 1570 euius
178 1519 303 1584 relegetio
314 1519 375 1582 putri
385 1520 548 1578 obiciebatur,
561 1518 670 1566 venitin
682 1518 827 1568 cubiculum
838 1519 939 1581 tribuni,
950 1520 1050 1570 stricto·

98 1602 146 1649 que
156 1586 244 1652 giudic
257 1586 336 1651 coegit
346 1600 399 1636 enm
410 1587 438 1636 iu
450 1586 528 1636 verbs
540 1599 589 1635 suu
603 1584 702 1648 inrsre,
718 1598 748 1635 so
764 1597 814 1636 nou
831 1595 1050 1652 perseveraturum

94 1655 118 1704 in
129 1653 300 1706 scensstione.
323 1666 378 1703 cnm
389 1653 489 1704 mlluris
500 1651 571 1701 hiatu
583 1659 637 1701 totu
647 1652 681 1702 sd
692 1651 809 1703 ultimum
820 1653 906 1704 territe
916 1654 998 1722 puteis
1008 1653 1050 1705 fo·

91 1729 140 1784 ret,
157 1729 217 1772 tuuc
234 1719 319 1770 omniu
333 1722 446 1787 pretiose
458 1720 537 1769 missu
554 1719 652 1768 suntin
669 1718 808 1784 praealtam
820 1721 967 1788 voraginem
978 1723 1049 1774 urbis

92 1788 227 1838 llomsnse.
256 1789 281 1838 in
299 1800 356 1837 eom
373 1786 474 1838 curtius
491 1793 603 1835 armatus
618 1786 712 1837 sedens
729 1803 795 1852 equo
810 1790 998 1855 praecipitavit,
1014 1790 1050 1839 itu

93 1855 200 1973 iiis·
228 1853 753 1985 &inlotisinotis
768 1855 1050 1974 ‘immilli'iim

158 1936 338 1985 osvers‚con
698 1936 714 1972 s
751 1936 890 1974 uemexm
955 1939 986 1975 us
1021 1937 1049 1973 o·

90 1985 767 2120 iitimliffititiitiitiliitiit
776 1999 1051 2120 iiiiiiiitinl:

88 2133 205 2191 eupetus.
233 2125 301 2174 disse
312 2123 394 2172 tribus
405 2120 515 2182 nuditus,
528 2120 661 2186 Pomptina
673 2132 699 2171 et
709 2123 826 2174 Publilio.
853 2124 967 2175 licinius
980 2122 1050 2174 Stolo

87 2191 142 2257 lege
154 2191 188 2242 ab
199 2194 259 2257 ipsc
271 2191 323 2240 ists
335 2190 472 2240 domuum
484 2196 531 2250 est,
545 2188 614 2251 quod
625 2188 684 2252 pius
696 2191 842 2257 quingentis
852 2190 985 2256 iugeribus
996 2191 1052 2256 ugit

86 2259 239 2321 possideret.
267 2258 304 2308 li.
316 2256 435 2308 Valerius
451 2254 568 2305 tribunus
584 2253 692 2306 militum
704 2256 815 2317 Gallum,
831 2271 848 2306 s
864 2271 914 2321 quo
927 2271 1050 2323 provoco-

85 2330 127 2376 tns
138 2334 206 2386 eret,
219 2325 350 2375 insidente
361 2321 452 2389 galeso
464 2335 539 2371 corvo
553 2328 577 2371 et
589 2324 717 2388 unguibus
728 2333 862 2389 rostuoque
872 2323 972 2376 hostem
984 2324 1050 2375 inie-

85 2401 183 2460 stunte,
201 2391 295 2443 occidit
313 2398 338 2441 et
355 2405 389 2439 ex
405 2402 436 2439 oo
449 2387 524 2439 Corvi
540 2401 631 2439 nomen
648 2392 759 2456 occepit,
776 2391 917 2454 consulque
933 2392 1050 2457 proximo

87 2472 164 2523 suno,
176 2473 234 2509 cum
246 2471 330 2509 sunos
341 2457 433 2522 viginti
444 2461 496 2505 tres
507 2454 619 2519 heberet,
632 2458 796 2508 obviantem
808 2465 907 2507 orestus
919 2467 964 2507 est
985 2459 1051 2507 smi-

85 2525 148 2576 eius
158 2540 217 2576 cum
229 2522 475 2590 Csrthsgiuensibns
485 2523 573 2573 iuncis
584 2530 632 2573 est
661 2522 785 2587 Campani
796 2537 855 2572 cnm
865 2537 882 2571 c
893 2522 1052 2573 Ssmultibns

86 2590 156 2642 bello
166 2598 331 2658 urgerentur,
349 2589 445 2640 suxilio
457 2589 579 2640 sdversus
592 2603 637 2639 eos
653 2601 669 2638 s
686 2596 776 2639 senatu
810 2589 879 2648 suto,
892 2602 950 2638 eum
961 2588 988 2639 id
1000 2603 1052 2640 non

84 2658 254 2724 inpetrarunt,
272 2658 362 2709 urbem
378 2666 403 2706 et
419 2670 495 2720 egros
511 2655 607 2723 populo
619 2655 733 2707 Romano
750 2655 782 2706 dc
809 2655 913 2721 derunt3
930 2657 964 2708 ob
976 2672 1051 2722 quum

85 2739 190 2776 cuussm
201 2739 241 2788 es,
251 2738 319 2790 quse
330 2723 419 2791 populi
430 2723 538 2773 Romani
549 2723 616 2773 facte
628 2732 722 2787 essent,
735 2723 839 2776 delendi
849 2724 916 2776 bello
927 2725 1051 2776 adversus

86 2791 215 2844 Samnites
226 2793 331 2858 placuit.
353 2804 411 2840 cum
422 2788 455 2839 sb
467 2789 534 2840 Aulo
547 2790 662 2843 Cornelio
674 2791 778 2843 consule
790 2793 917 2843 exercitus
929 2793 955 2841 in
967 2792 1053 2843 locum

84 2859 204 2921 iniquum
215 2860 341 2910 deductus
352 2859 379 2908 in
390 2868 484 2922 msgno
495 2857 644 2909 discrimine
658 2869 735 2921 esset,
748 2860 777 2912 P.
787 2860 850 2911 Deci
861 2859 944 2910 Muris
954 2859 1051 2910 idbuni

84 2924 196 2977 militum
207 2940 285 2993 opere
297 2932 413 2979 servulus
425 2932 477 2983 est,
495 2926 539 2989 qui
557 2936 679 2992 occupato
696 2927 759 2978 colle
772 2928 889 2994 superii
904 2927 1006 2992 iugum,
1024 2928 1051 2975 in

87 3005 141 3054 quo
154 2992 280 3044 Samnites
293 2993 478 3055 consederunt,
490 2994 650 3044 occasionem
661 2994 759 3046 consuli
771 2996 798 3044 ln
809 2995 956 3059 nequiorem
967 2994 1052 3044 locum

87 3058 213 3111 evadendi
231 3061 315 3123 dedit;
337 3061 394 3127 ipse
404 3059 437 3110 ob
449 3056 566 3111 hostibus
578 3062 760 3113 circumsessus
773 3063 864 3130 erupit.
888 3075 947 3110 cum
958 3060 1052 3108 milites

85 3125 207 3187 Romani,
224 3129 270 3193 qui
282 3127 385 3193 &puae
396 3127 423 3176 in
434 3125 564 3195 pracsidio
581 3129 662 3180 relicti
675 3136 759 3191 erent,
774 3130 807 3180 de
824 3125 972 3191 occupantis
989 3125 1052 3176 urbe

88 3194 291 3259 consultassent,
307 3202 333 3245 et
350 3195 449 3255 detecto
461 3192 567 3244 consilio
584 3202 653 3247 metu
671 3196 781 3262 supplici
797 3210 812 3244 s
828 3192 924 3259 populo
936 3192 1051 3244 Romano

89 3257 250 3325 deiecissent,
262 3260 497 3327 perminimum
515 3259 624 3314 Corvum
641 3263 801 3321 dictatorem,
818 3260 864 3325 qui
880 3259 986 3310 consilio
1004 3275 1051 3311 suo

89 3336 136 3375 eos
151 3346 157 3370 ι
171 3327 256 3381 lurore
267 3336 438 3389 revocaverat,
450 3326 548 3393 pultine
558 3330 666 3380 restituti
678 3336 748 3378 snut.
769 3343 811 3378 res
822 3335 953 3392 praeterea
965 3337 1052 3377 contre

91 3389 209 3445 Hernicos
231 3406 257 3444 et
273 3395 358 3446 Gsllos
378 3403 404 3443 et
418 3395 535 3444 Tiburtes
557 3404 582 3445 et
598 3396 755 3444 Privernates
772 3402 797 3442 et
812 3393 1010 3454 Tsrquinienses
1027 3398 1053 3437 et

93 3450 214 3510 &sunites
227 3467 252 3510 et
263 3460 373 3510 Vulscos
384 3470 507 3523 prospere
518 3466 606 3524 gestas
617 3458 737 3508 eontinet.
798 3475 814 3517 χ

115 3562 118 3569 ·
133 3554 158 3591 n.
169 3557 231 3594 sm
246 3556 317 3594 esus
329 3556 361 3591 11.
444 3552 449 3590 ῑ
829 3529 846 3586 1

66 3784 133 3833 Ἀ
