2350 3922
152 58 157 65 .
341 32 351 87 ἰ
390 52 425 93 λα
485 34 514 75 Ν(
739 72 747 89 '¹
779 74 784 81 ,

156 64 265 171 [altr-t
338 88 458 147 'itta-r
486 76 513 141 tl
580 96 645 137 aar
685 94 704 135 a
862 88 873 135 q

245 150 255 197 a
562 174 565 181 .

463 168 552 193 W
958 162 988 207 ’ψΙ

250 202 350 290 ⁸mnan
364 250 453 290 xxrrr.
467 250 533 291 cnr.
552 237 593 291 ll.
611 239 652 291 12.
670 229 833 314 [5911216]
962 208 1034 303 329’

74 409 119 462 sc,
135 410 338 474 quaecumque
357 397 500 475 imperata
518 397 589 467 sint,
613 415 680 458 curn
700 417 814 460 summa
829 399 971 480 religione
991 409 1052 462 aot

74 474 217 554 diligentia
230 486 399 540 exsecutum
410 497 549 541 coronam
561 480 672 543 Romae
684 482 713 541 in
727 501 807 544 aram
819 483 959 562 Apollinis
974 486 1023 546 de·

73 561 210 636 posuisse.
248 570 366 624 senatus
386 562 529 635 decrerit,
551 573 584 624 ut
606 583 657 626 eae
678 584 725 627 res
750 566 1023 648 dlrlpaesnpplloa-

74 643 222 724 tionesque
238 647 334 724 primo
348 665 464 726 quoque
480 655 614 726 ternpore
628 667 695 709 cum
711 667 780 710 cura
795 651 909 711 tierent.
933 723 937 729 ⁴
969 723 974 733 .
994 724 1023 737 ...
1159 710 1160 731 Ξ

131 727 206 788 llum
227 728 300 789 haec
320 729 431 790 llomae
458 738 544 810 atque
567 733 598 791 in
623 731 704 793 ltalia
727 742 885 811 geruntur,
908 724 1068 805 nuntiust„

73 812 206 873 victoriae
220 812 256 873 ad
272 813 387 875 Cannas
399 814 605 892 Carthaginem
621 824 741 876 venerat
754 817 838 895 Mago
853 818 1026 879 Hamilcaris
1055 838 1071 909 q

74 893 152 966 filius,
169 913 230 956 non
242 914 278 958 ex
292 899 354 976 ipsa
367 899 457 958 aciea
473 899 563 959 tratre
575 900 688 970 missus,
704 901 755 960 sed
770 908 902 962 retentus
917 902 1027 982 aliquot
1052 908 1088 975 t

75 977 133 1039 dies
158 981 189 1041 in
206 981 385 1059 recipiendis
399 981 561 1044 civitatibus
578 983 761 1044 Bruttiorum
777 1003 909 1065 quaeque
926 983 961 1022 *⁷⁶
976 986 1025 1046 de·
1080 989 1089 1037 ἴ

75 1061 214 1124 liciebant.
252 1065 291 1135 is,
316 1083 382 1126 cum
403 1067 432 1126 ei
452 1074 570 1127 senatus
592 1067 675 1129 datus
695 1075 785 1135 esset,
810 1087 858 1129 res
880 1077 976 1147 gestas
996 1071 1028 1130 in

76 1144 150 1206 ltalia
166 1166 182 1208 a
200 1147 294 1208 tratre
309 1150 442 1227 exponit:
459 1168 526 1210 cnm
544 1168 595 1212 sex
609 1152 836 1230 imperatoribus
852 1171 934 1224 eum,
956 1172 1027 1232 quo-

76 1246 136 1290 rum
151 1237 290 1310 quattuor
303 1230 454 1303 consules,
475 1234 533 1295 duo
548 1233 674 1295 dictator
688 1253 722 1295 ao
742 1238 882 1314 magister
897 1239 1028 1316 equitum

77 1312 193 1386 luerint,
213 1334 281 1376 cum
294 1334 345 1376 sex
360 1315 563 1378 consularibus
578 1317 755 1380 exercitibus
769 1322 831 1380 acie
847 1321 1028 1389 conflixisse;
1070 1344 1076 1394 ς

78 1398 212 1461 occidisse
223 1418 313 1479 supra
328 1400 453 1461 ducenta
468 1399 547 1461 milia
558 1401 701 1472 hostiurn,
716 1421 805 1480 supra
820 1406 1029 1482 quinquaginta
1071 1411 1077 1446 0³

79 1483 193 1560 cepisse.
221 1501 258 1543 ex
270 1491 409 1563 quattuor
423 1482 593 1545 consulibus
605 1484 678 1545 duos
693 1485 850 1556 occidisse,
868 1505 903 1546 ex
916 1486 1058 1547 duobust

71 1567 200 1643 pppqqium
222 1565 364 1637 alterum,
390 1567 514 1629 alterum
534 1575 595 1629 tcto
618 1570 725 1630 amisso
748 1570 879 1629 exercitu
899 1570 946 1629 rix
963 1587 1029 1630 cum

76 1650 282 1730 qunquaginta
302 1652 471 1731 hominibus
498 1652 645 1730 effugisse.
675 1653 862 1733 ‘magistrum
889 1654 1029 1732 equiturn,
1042 1654 1093 1736 1φρ

75 1748 143 1811 quae
159 1733 326 1795 consularis
348 1734 476 1814 potestas
496 1736 547 1805 sit,
568 1734 665 1797 lusum
681 1737 827 1814 lugatum3
850 1735 1031 1805 dictatorem,
1066 1733 1096 1845 qs

75 1817 136 1893 quia
149 1836 180 1877 se
191 1820 229 1879 ira
244 1821 337 1878 aciem
349 1836 509 1898 numquam
521 1821 701 1880 commiserit
730 1821 849 1880 unicum
861 1819 965 1880 baberi
978 1821 1032 1879 im-
1059 1851 1087 2233 q

1078 1102 1082 1110 l

75 1909 251 1977 peratorem.
277 1902 408 1963 Bruttios
418 1902 600 1982 Apulosque,
619 1904 727 1981 partim
739 1903 913 1964 Samnitium
929 1922 963 1964 ac
974 1903 1055 1964 Lu·l
1079 1956 1083 1965 ,

77 1999 210 2046 canorum
234 1985 377 2047 deiecisse
399 1986 435 2046 ad
449 1987 575 2048 Poenos.
607 1987 749 2067 Capuam,
773 1988 851 2067 quod
869 1996 955 2066 caput
972 2006 1033 2046 non
1066 1998 1070 2051 j

77 2064 250 2148 Campaniae
264 2070 367 2140 modo,
383 2069 435 2130 sed
452 2079 519 2150 post
533 2071 679 2132 adlllctam
700 2090 764 2132 rem
780 2072 942 2132 Romanam
959 2071 1033 2131 Can·
1077 2086 1090 2147 t]
1159 2128 1160 2155 q

78 2155 157 2213 nansi
176 2171 278 2233 pugna
298 2152 398 2214 ltaliae
415 2156 467 2225 sit,
489 2153 645 2215 Hannibali
661 2173 693 2215 se
717 2153 881 2214 tradidisse.
915 2170 971 2231 pro
987 2153 1032 2212 his
1046 2160 1060 2239 t
1076 2146 1089 2211 l
1159 2170 1160 2177 ¹

80 2237 162 2295 tantis
176 2246 280 2315 totque
295 2238 423 2297 victoriis
442 2255 543 2297 rerum
558 2256 623 2298 esse
637 2245 735 2316 grates
756 2237 817 2297 deis
831 2235 1035 2296 inmortalibus
1057 2227 1068 2307 ξ
1159 2250 1160 2307 g

81 2319 124 2395 agi
137 2320 310 2400 haberique.
343 2319 404 2381 Xll.
433 2320 477 2379 ld
488 2320 576 2380 fidem
591 2320 698 2380 deinde
708 2321 767 2380 tam
777 2319 919 2380 laetarum
935 2336 1034 2378 rerum
1047 2310 1069 2401 ifq
1159 2376 1160 2383 ,

82 2400 187 2463 elinndi
202 2406 234 2465 in
249 2402 392 2464 vestibulo
408 2405 507 2464 curiae
520 2404 605 2463 iussit
619 2402 722 2464 anulos
737 2421 854 2473 aureos,
870 2404 921 2483 qui
938 2409 1036 2463 tantus
1048 2388 1083 2482 pls
1159 2468 1160 2473 .

81 2501 198 2549 acervus
217 2488 288 2557 init,
311 2494 344 2548 ut
363 2486 552 2548 metientibus
582 2505 671 2565 supra
692 2489 747 2547 tris
768 2486 882 2547 modios
903 2485 1071 2565 explesset}
1159 2494 1160 2497 ’

81 2570 138 2628 siut
150 2572 269 2650 quidam
282 2577 433 2641 auctores;
452 2571 530 2632 lama
545 2572 652 2640 tenuit,
667 2588 742 2649 quae
756 2572 879 2649 propior
896 2587 965 2629 vero
983 2560 1073 2687 ⁰qu
1159 2650 1160 2653 Ἴ

81 2650 155 2713 baud
171 2655 239 2733 plue
253 2654 343 2716 luisse
357 2654 466 2715 modio.
498 2653 605 2714 adiecit
619 2653 725 2714 deinde
742 2652 854 2724 verbis,
870 2671 928 2733 quo
946 2653 1036 2712 maio·

81 2735 120 2793 ris
141 2735 232 2800 eladis
259 2738 400 2799 indicium
421 2747 512 2808 esset,
543 2739 692 2798 neminem
712 2738 769 2798 nisi
787 2739 923 2820 *equitem
950 2718 1075 2818 9199οέ

83 2824 331 2900 earumipsarum
352 2823 499 2901 primores
520 2821 551 2881 id
568 2839 672 2899 gerere
691 2824 815 2900 insigne.
850 2839 964 2882 summa
983 2820 1071 2907 luitq
1159 2824 1160 2829 ’

83 2907 238 2976 orationis,
255 2924 313 2986 qno
324 2908 446 2986 propius
458 2923 541 2985 spem
556 2906 729 2984 perficiendi
741 2907 787 2976 sit,
804 2924 839 2965 eo
853 2908 947 2983 magis
958 2904 1040 2963 omni
1060 2904 1075 3012 q

83 3001 137 3063 ope
153 2990 313 3050 iuvandum
336 2989 530 3050 Hannibalem
553 3007 627 3050 esse.
668 2988 772 3069 procul
796 2992 874 3051 enim
896 2988 932 3049 ab
951 2988 1039 3048 domo
1066 3008 1083 3096 q

83 3069 215 3132 militiam
238 3091 302 3135 essa
322 3075 353 3132 in
375 3073 470 3134 media
487 3073 617 3133 hostium
637 3080 732 3145 terra,
753 3091 889 3151 magnam
902 3073 961 3132 vim
976 3070 1038 3129 lru·
1050 3079 1086 3161 tq

83 3157 174 3214 menti
189 3158 331 3234 pecuniae
348 3157 471 3226 absumi,
487 3164 517 3217 et
532 3164 576 3217 tot
590 3158 680 3223 acies,
701 3163 734 3217 ut
748 3157 876 3217 hostium
894 3154 1040 3216 exercitus
1070 3158 1082 3231 q}

84 3234 210 3308 delesse,
234 3243 274 3302 ita
295 3243 414 3301 victoris
436 3242 524 3301 etiam
540 3241 640 3319 copias
659 3248 743 3319 parte
765 3240 861 3319 aliqua
884 3239 1038 3298 minuisse:
1066 3234 1080 3325 l
1159 3284 1160 3291 .

84 3321 257 3384 mittendum
270 3326 359 3402 igitur
369 3323 605 3404 supplementum
618 3342 691 3394 esse,
705 3325 877 3384 mittendam
885 3325 916 3383 in
931 3323 1039 3400 stipen-
1053 3316 1076 3437 q

64 3400 165 3464 dium
190 3410 345 3484 pecuniam
368 3408 605 3488 frumentumque
630 3415 687 3469 tam
710 3407 786 3469 bene
809 3408 922 3468 meritis
937 3405 973 3465 de
988 3423 1040 3464 no·

85 3486 163 3547 mine
177 3489 289 3552 Punico
306 3491 455 3554 militibus.
1062 3492 1066 3516 ³

1072 3810 1160 3892 m
