2280 3926
260 256 350 298 nmen
364 257 407 298 rx.
424 256 492 297 cur.
507 243 534 297 8.
552 233 591 316 [a.
605 237 641 297 C.
654 243 714 296 321.
728 233 792 316 320]
942 239 1002 306 101

81 401 196 464 mnsultis
209 402 344 482 perlectis
359 402 396 464 de
415 418 489 480 pace
503 400 633 464 murina
653 400 845 472 rettulerunt:
867 410 897 463 et
908 400 1040 464 Publi-2
1126 404 1127 453 Ξ

78 483 131 556 lias,
143 504 231 565 penes
241 504 327 567 mem
337 485 432 548 iasces
443 492 541 547 erant:
569 530 588 555 ,.
596 486 659 554 dio,
672 484 722 564 Sp.
734 485 892 548 Postumi“
903 485 1009 566 inquil.

77 572 113 646 pti
124 569 170 631 ubi
180 572 320 641 surrexit,
343 569 448 631 eodem
461 568 513 631 illo
526 567 620 641 vultu,
643 586 702 649 quo
716 568 888 654 subjugum
902 572 1011 631 missua
1125 606 1127 611 <

75 661 137 714 erat:
154 654 255 726 „haud
265 656 485 732 cumignerus“
503 653 613 732 inquit,
628 651 806 723 ..consules,
821 653 1037 733 Ignominiae.3

74 753 121 796 nou
131 737 246 819 honoris
257 755 343 799 causa
355 755 402 798 me
412 738 541 816 primum
551 737 890 817 excitatump'ussumque
899 736 1007 807 dicere,
1127 746 1128 755 ’

73 836 120 880 non
134 828 277 902 tamquam
288 818 472 891 senatorem,
487 820 539 882 sed
553 829 704 901 tamquam
715 839 801 894 reum
813 838 871 900 qua
883 817 1007 880 infelicis

9 954 10 957 ,
73 901 129 965 belli
138 924 191 984 qua
206 906 417 985 ignominiosae
430 906 521 983 pacis.
543 921 598 982 ego
612 912 720 977 tamen,
736 904 854 985 quando
865 920 961 983 neque
971 901 1035 964 de4

72 1004 134 1049 noxa
147 996 244 1067 nostra
256 1006 353 1068 neque
365 988 402 1049 de
414 1006 511 1067 poena
523 988 691 1061 rettulistis,
706 990 816 1051 omissa
827 987 1007 1056 defensione,

9 1092 11 1145 3
72 1089 132 1149 qnae
144 1091 200 1133 non
215 1071 386 1135 dililcillima
401 1080 479 1134 esset
491 1072 568 1152 apud
582 1073 661 1134 baud
683 1074 804 1152 ignaros
822 1073 1008 1134 fortunarum

9 1154 11 1173 ¹
71 1152 246 1219 humanarum
266 1158 558 1236 necessitatiumque,
583 1160 759 1219 sententiam
777 1157 814 1217 de
830 1175 879 1228 eo,
901 1155 937 1216 de
951 1173 1010 1235 qaae

71 1238 217 1313 rettulistis,
233 1242 336 1321 paucis
346 1257 496 1320 peragam.
524 1259 599 1320 quae
613 1242 758 1303 sententia
770 1242 854 1303 tastis
868 1242 938 1311 erit,
954 1241 1009 1299 mi·

9 1304 11 1379 l
71 1318 127 1382 hice
142 1341 177 1385 an
189 1323 355 1404 legionibus
371 1325 477 1385 vestris
489 1324 691 1403 pepercerim,
713 1343 781 1385 cum
796 1330 844 1385 m'e
863 1342 916 1384 seu
929 1323 1011 1402 turpi
1073 1344 1090 1395 3.

58 1420 111 1483 ,1111
121 1410 279 1471 neccssaria
290 1409 449 1487 sponsione
460 1407 618 1476 obstrinxi3
633 1425 690 1486 qua
705 1415 820 1479 tamen,
832 1406 950 1487 quando
963 1407 1039 1466 ind
1086 1400 1096 1425 ⁹

65 1486 136 1565 iussu
148 1492 245 1573 populi
259 1492 337 1553 iacta
353 1500 411 1570 est,
427 1509 487 1552 non
502 1498 619 1551 tenetur
634 1488 761 1570 populus
774 1491 938 1560 Romanus,
955 1507 1011 1550 nec
1026 1490 1056 1558 ‘t‘

10 1644 11 1651 χ
70 1573 205 1653 utinquam
213 1596 250 1638 ex
262 1594 297 1637 ea
307 1579 514 1655 praeterquam
525 1591 650 1653 corpora
661 1580 762 1634 nostra
775 1572 1012 1649 debenturSam·¹

70 1655 170 1719 ritibus.
200 1660 343 1722 dedamur
357 1677 413 1738 per
427 1655 542 1720 latiales
556 1656 628 1718 nudi
643 1659 805 1738 vinctique;
827 1653 1037 1717 exsolvamusd

69 1736 192 1818 religione
208 1742 366 1827 populum,
382 1744 478 1822 siqua
495 1740 701 1820 obligavimus,
717 1739 837 1821 nequid
852 1740 942 1800 divim
955 1739 1010 1801 hu·

69 1825 167 1887 monive
187 1827 298 1897 obstet.
331 1844 389 1905 quo
407 1828 505 1887 minus
523 1827 642 1911 ,justum
669 1827 809 1906 piumque
832 1823 869 1885 de
893 1825 1010 1902 integro

69 1904 168 1972 ineattu
187 1910 309 1973 bellum.
337 1912 452 1971 interea
474 1909 610 1971 consules
631 1911 792 1971 exercitum
812 1907 945 1970 scribere
963 1914 1037 1969 ar·7

70 2004 138 2052 mare
148 1993 272 2056 educere
283 1993 389 2073 placet,
403 2012 458 2057 nec
469 1995 552 2073 prius
562 1993 678 2072 ingredi
687 1994 817 2056 bostium
828 1994 910 2064 fines,
923 2010 1012 2072 quam

10 2110 12 2113 -
70 2075 246 2162 onniapusta
265 2080 298 2138 in
314 2076 492 2139 deditionem
513 2087 644 2139 nostram
669 2079 800 2157 perlecta
822 2084 918 2138 erunt.
950 2080 1041 2147 vos,8

71 2151 103 2214 dli
113 2157 292 2233 inmortales,
306 2178 416 2240 precor
427 2179 608 2241 quaesoque,
634 2162 660 2220 si
677 2161 758 2222 vobis
773 2179 833 2222 non
857 2160 912 2219 luit
928 2158 1012 2219 cordi

70 2236 111 2317 Sp.
120 2240 298 2308 Postumium
308 2245 343 2307 T.
355 2245 507 2306 Veturium
518 2243 653 2306 consules
668 2263 735 2307 cum
747 2242 927 2305 Samnitibus
941 2259 1012 2322 pro·

11 2346 12 2353 ¹
71 2336 142 2399 spere
158 2326 267 2390 bellum
287 2346 408 2407 gerere,
424 2335 454 2389 at
467 2347 519 2389 ros
534 2330 605 2390 satis
619 2327 752 2390 habeatis
767 2327 874 2388 vidisse
887 2343 942 2389 nos
957 2324 1039 2388 subt

64 2402 156 2484 1111111
168 2415 288 2484 mbsos,
310 2412 416 2474 vidisse
430 2414 589 2491 sponsione
608 2411 713 2473 iniami
728 2410 888 2490 obligatos,
911 2410 1012 2471 videre

72 2489 151 2554 nudos
164 2496 334 2576 vinctosque
353 2496 488 2558 hostibus
505 2495 633 2566 deditos,
658 2513 778 2556 omnem
791 2496 866 2556 iram
883 2493 1011 2554 hostium

71 2577 164 2638 noscis
178 2580 321 2661 capitibus
336 2581 534 2659 excipientes;
559 2595 650 2638 noros
665 2577 801 2638 consules
820 2577 1009 2654 legionesque
1021 2581 1055 2632 10

72 2649 200 2724 Romanas
212 2666 253 2726 ita
268 2682 335 2726 cum
349 2664 480 2726 Samnite
495 2679 600 2740 gerere
614 2659 724 2722 bellum
739 2659 847 2730 velitis,
865 2667 899 2721 ut
914 2660 1012 2721 omnia

73 2746 128 2800 anta
140 2761 192 2808 nos
206 2747 340 2810 consules
353 2746 432 2809 bella
446 2752 527 2826 gesta
543 2751 642 2806 sunt.“
671 2763 745 2825 quae
759 2743 810 2805 ubl
827 2744 914 2816 dixit,
932 2750 1012 2805 tanta
1024 2750 1055 2802 ll

73 2818 146 2914 simul
155 2830 306 2893 admiratio
313 2832 522 2911 miseratioque
531 2830 588 2890 riri
597 2830 719 2891 incessit
728 2828 873 2898 homines.
884 2828 1013 2890 utmcdo

75 2917 111 2965 ux
123 2912 273 2977 crederent
287 2914 371 2976 illum
387 2914 514 2976 eundem
529 2932 593 2976 esse
606 2915 657 2994 Sp.
671 2913 867 2984 Postumium,
883 2914 934 2995 qui
944 2929 1013 2973 auc·

74 2989 113 3084 ill
124 2997 178 3056 tam
192 2997 294 3061 foedae
305 3000 387 3079 pacis
403 2998 520 3071 luisset,
536 2997 625 3060 modo
635 3000 861 3066 miserarentur,
878 2995 958 3078 quod
968 2996 1013 3054 rir
1024 3002 1056 3053 12

74 3067 128 3132 lilla
142 3080 224 3143 etiam
245 3084 437 3163 praecipuum
459 3082 537 3163 apud
557 3082 657 3142 hostes
677 3082 852 3162 supplicium
873 3095 1014 3159 passurus

75 3165 141 3219 11111
152 3160 188 3223 ob
201 3166 275 3228 iram
286 3168 449 3246 diremptae
462 3168 552 3247 pacis.

125 3241 191 3307 Cum
204 3266 306 3312 omnes
319 3250 455 3312 laudibus
467 3250 556 3312 modo
569 3255 782 3329 prosequentes
796 3248 890 3307 virum
902 3245 934 3306 in
945 3263 1013 3307 sen·
1025 3252 1057 3306 11

76 3322 182 3389 anunm
196 3334 256 3427 ejus
271 3334 397 3414 pedibus
411 3337 504 3403 irent.
522 3339 661 3412 temptata
677 3330 827 3412 paulisper
841 3332 1014 3392 intercessio

76 3409 113 3463 eat
128 3407 161 3470 ab
174 3413 205 3474 L.
222 3416 301 3479 Livio
317 3426 346 3479 et
360 3419 394 3490 Q.
409 3416 514 3479 llaelic
528 3415 654 3476 tribunis
668 3414 776 3496 plebis,
791 3415 841 3495 qui
854 3432 950 3494 nequa
962 3432 1012 3475 ex·
1024 3421 1057 3471 14

78 3483 139 3550 snlri
151 3495 288 3578 religione
301 3502 442 3582 populum
457 3499 574 3562 aiebant
588 3498 735 3561 deditione
749 3517 817 3571 sua,
840 3500 896 3560 nisi
918 3498 1015 3559 omnia
