2396 3920
112 178 152 243 18
257 192 350 235 arses
364 193 421 237 var.
443 193 511 236 cae.
532 182 572 233 lt.
587 180 627 233 18.
644 170 684 254 [a.
699 195 730 235 u.
745 194 771 236 c.
788 172 927 255 398400]

110 350 142 404 et
161 341 277 403 attoniti
294 341 485 403 munimentis
509 342 570 403 suis
595 340 711 421 trepido
740 341 857 419 agmine
881 339 1072 413 inciderunt;

78 435 96 483 4
111 424 233 495 deinde,
249 423 301 485 ubi
313 424 416 485 consul
426 424 571 504 legatique
583 442 618 485 ac
628 423 741 486 tribum
751 440 911 501 puerorum
923 426 982 485 ritu
993 443 1080 489 rana.

111 506 252 571 miracula
273 508 405 585 paventis
424 507 593 569 inridebant
607 506 872 586 increpabantque,
893 509 981 568 vertit
1004 509 1075 570 ani·

111 611 176 654 mos
196 600 319 672 repente
338 591 447 671 pudor,
468 598 498 651 et
519 593 550 651 in
568 609 602 652 ea
621 593 700 671 ipsa,
722 606 797 669 quae
817 591 968 669 ingerant,
988 590 1076 655 velut

80 684 97 734 o
111 677 191 736 caeci
202 675 338 737 ruebant
366 675 498 736 discusso
510 676 609 754 itaque
620 693 694 737 vano
706 674 847 753 adparatu
858 674 986 735 hostium
999 693 1073 740 oum

110 762 142 820 in
160 760 240 839 ipsos
261 765 388 820 armatos
406 776 438 820 se
456 756 637 829 intulissent,
659 765 828 819 averterunt
850 764 941 819 totam
956 760 1072 830 aciem;

111 844 274 923 castrisque
288 843 376 904 etiam
390 859 425 903 eo
442 842 489 903 die
504 842 590 919 potiti
616 839 726 922 praeda
740 842 855 919 ingenti
875 847 960 921 parta
974 843 1073 903 ricto·

111 944 161 988 res
176 932 374 996 reverterunt,
393 924 568 986 militaribus
580 925 732 986 inciacum
749 933 922 1004 apparatum
935 922 1073 987 hostiurn

78 1017 173 1071 dtum
188 1027 275 1071 suurn
290 1011 478 1090 increpantes
491 1026 640 1088 pauorem.
677 1010 841 1071 concitatur
855 1007 962 1069 deinde
978 1027 1075 1069 omne

111 1110 220 1155 nomen
235 1093 407 1164 Etruscum,
425 1100 455 1155 et
470 1092 732 1175 Tarquiniensibus
749 1091 928 1171 Faliscisque
943 1090 1074 1153 ducibus

111 1176 149 1240 ad
168 1175 275 1237 salinas
297 1178 480 1254 perveniunt.
519 1177 658 1239 adversus
679 1194 746 1239 eum
772 1184 920 1237 terrorem
942 1175 1076 1237 dictator

112 1262 142 1323 G.
157 1260 284 1321 Marcius
294 1258 410 1322 Rutilus
420 1263 534 1341 primus
544 1260 582 1322 de
591 1260 679 1341 plebe
693 1260 788 1321 dictus
798 1260 973 1338 magistrum
985 1261 1074 1339 equi·

78 1354 95 1404 7
110 1345 258 1407 inmitem
273 1343 310 1405 de
323 1342 412 1423 plebe
426 1345 458 1407 G.
473 1344 618 1407 Plautium
633 1344 714 1405 dixit.
743 1342 774 1404 id
788 1360 859 1404 vero
873 1342 1006 1422 patribus
1021 1345 1073 1402 in-

111 1429 233 1506 dignum
253 1428 359 1501 videri,
380 1431 469 1493 ctiam
494 1429 667 1491 dictaturam
688 1429 796 1490 iamin
817 1429 967 1506 promisco
986 1443 1072 1496 essa;

113 1514 252 1592 omnique
263 1530 319 1592 ope
333 1513 539 1593 inpediebant,
561 1529 599 1574 ne
621 1511 691 1592 quid
706 1510 842 1572 dictatori
861 1510 897 1572 ad
912 1509 943 1570 id
957 1507 1073 1571 bellum

112 1595 323 1659 decerneretur
344 1606 545 1676 parereturre.
582 1613 617 1655 eo
641 1597 807 1673 promptius
829 1602 935 1655 cuncta
954 1592 1075 1654 lerente

79 1686 96 1737 8
112 1678 255 1739 dictatore
268 1680 395 1758 populus
412 1683 505 1740 iussit.
537 1677 687 1757 proiectus
701 1676 738 1737 ab
754 1678 828 1739 urbe
843 1685 967 1757 utraque
982 1684 1075 1756 parte

111 1760 230 1821 Tiberis
243 1760 355 1821 ratibus
371 1763 515 1830 exercitu,
532 1777 719 1841 quormque
741 1760 819 1824 fama
835 1760 963 1821 hostium
978 1760 1074 1821 duce—

111 1842 174 1914 bat,
191 1845 314 1904 deiecto
332 1842 440 1904 multos
456 1843 645 1923 populatores
665 1861 804 1923 agrorum
824 1861 914 1923 vagos
935 1844 1075 1924 palantes

79 1927 268 2006 coppressit.
302 1934 397 1988 casua
419 1944 536 2007 quoque
550 1928 727 2007 necopinato
746 1927 905 2007 adgressus
925 1928 1017 2008 cepit,
1041 1936 1075 1990 et

113 2016 179 2072 octo
196 2008 315 2071 milibus
328 2009 456 2072 hostium
472 2013 579 2092 captis,
599 2014 705 2073 ceteris
718 2019 769 2074 aut
782 2013 875 2077 caesis
885 2017 935 2072 aut
946 2029 982 2072 ex
996 2028 1074 2089 agro

110 2094 243 2156 Ronrano
258 2094 365 2173 iugatis
377 2095 441 2156 sine
453 2096 625 2158 auctoritate
632 2104 749 2174 patrum
760 2093 862 2176 populi
871 2096 952 2156 iussu
964 2095 1074 2156 uium-

72 2197 130 2320 iup
175 2261 249 2333 Quia
267 2279 322 2323 nec
341 2279 396 2342 per
409 2260 583 2324 dictatorem
597 2262 746 2344 plebeima
765 2278 822 2323 nec
842 2281 897 2342 per
918 2261 1074 2325 consulem

112 2346 230 2406 comitia
245 2344 411 2408 consularia
427 2345 532 2407 haberi
544 2347 695 2417 volebant,
711 2355 742 2408 et
754 2344 827 2408 alter
845 2346 949 2407 consul
962 2345 1075 2408 Fabius

71 2426 191 2490 libello
211 2428 411 2505 retinebatur,
434 2447 482 2491 res
504 2430 541 2491 ad
560 2432 765 2508 interregnum
786 2429 873 2492 redit.
904 2432 1076 2508 interreges

112 2513 253 2595 deinceps
269 2513 303 2587 Q.
323 2512 464 2577 Servilius
479 2513 584 2586 anaia,
606 2515 646 2577 ti.
661 2513 783 2583 Fabius,
809 2515 861 2576 Cn.
876 2514 1015 2584 bianlius,
1037 2515 1073 2576 C.

112 2598 233 2670 Fabius,
250 2598 281 2660 C.
294 2598 457 2679 Sulpicius,
469 2598 502 2660 L.
517 2598 671 2670 Aemilius,
690 2598 724 2670 Q.
741 2597 897 2667 Servilius,
910 2597 949 2660 it.
961 2596 1077 2658 Fabius
1160 2628 1164 2637 ·

70 2689 104 2740 12
113 2680 280 2742 Ambustus.
308 2684 340 2742 in
351 2682 482 2743 secondo
492 2683 665 2760 interregno
676 2688 740 2742 orta
754 2681 904 2742 eontentio
916 2689 973 2752 eat,
990 2681 1075 2759 quod

112 2762 170 2823 duo
184 2764 301 2842 patricii
318 2764 453 2824 consules
475 2764 665 2835 creabantur,
686 2762 996 2844 intercedentibusque
1015 2766 1074 2825 tri-

112 2845 200 2907 bunis
219 2846 352 2907 interrex
370 2845 478 2908 Fabius
502 2846 599 2908 aiebat
627 2849 660 2907 in
671 2847 826 2910 duodecim
846 2845 952 2910 tabulis
972 2845 1073 2925 legem

113 2945 191 3000 esse,
218 2938 265 3000 ut,
289 2930 494 3011 quodcumque
519 2938 702 3011 postremum
722 2931 848 3013 populus
871 2932 1018 3000 iussisset,
1039 2933 1093 2992 id
1160 2926 1163 2935 '

70 3021 104 3074 13
113 3015 160 3076 ius
177 3021 331 3094 ratumque
345 3023 437 3084 esset;
451 3017 564 3076 iussum
578 3015 680 3097 populi
692 3022 722 3077 et
741 3017 879 3095 sutfragia
893 3032 967 3077 esse.
1001 3031 1074 3077 cum

113 3099 323 3161 intercedendo
339 3098 451 3160 tribuni
466 3099 541 3160 nihil
554 3099 647 3168 aliud,
662 3118 749 3180 quam
762 3110 796 3162 ut
808 3100 963 3161 differrent
977 3100 1074 3159 comi·

114 3184 167 3250 tia,
182 3185 355 3254 valuissent,
371 3183 428 3243 duo
445 3185 562 3263 patricii
582 3182 717 3244 oonsulcs
737 3185 828 3245 creati
846 3190 928 3254 sunt,
953 3182 985 3245 C.
1003 3181 1075 3243 Sul-

112 3264 207 3340 picius
225 3267 342 3328 Peticus
364 3268 484 3328 tertium
505 3267 544 3328 ii.
564 3264 696 3328 Valerius
717 3265 883 3337 Publicola,
905 3265 1075 3346 eodemque

114 3343 161 3403 die
175 3348 378 3421 magistratum
394 3352 532 3410 inierunt.

79 3432 97 3484 1
150 3424 273 3487 dviii.
309 3429 603 3510 Quadringentesimo
629 3450 705 3493 anno
732 3451 820 3513 quam
840 3432 913 3495 urbs
936 3433 1076 3501 Romana
