2290 3920
216 273 307 316 nmen
321 275 385 315 ω.
409 273 476 316 ona.
494 262 533 314 18.
552 252 649 335 19.[a.
666 254 775 337 &2181
915 262 977 325 219
1035 344 1040 353 x

46 420 139 498 privato
148 419 297 500 priblicone
310 422 432 483 consilio
444 422 606 500 Saguntum
617 429 815 500 oppugnatum
827 424 872 492 sit,
887 440 975 502 quae·
1023 422 1037 507 ᾗ.

46 503 152 564 rendum
165 522 312 576 censeam,
330 505 382 566 sed
396 513 496 566 utrum
509 505 574 565 iure
586 522 622 564 an
641 506 764 565 iniuria:
782 513 882 566 nostra
899 508 1004 568 enimn

45 585 102 647 baec
116 590 240 666 quaestio
265 595 350 668 atque
371 588 583 650 animadversio
602 589 634 647 in
654 589 747 648 civem
769 595 902 648 nostrum
923 597 975 659 cst,
1101 600 1103 605 ’

45 668 99 747 quid
109 679 204 732 nostro
219 679 269 733 aut
283 690 336 733 suo
354 674 459 734 iecerit
473 671 611 741 arbitrio;
628 670 778 732 vobiscum
788 690 847 732 unu
862 672 976 751 discep·
1026 677 1031 716 «Ἀ

45 755 100 813 tatio
113 764 167 824 ost,
184 755 338 817 licueritne
352 774 407 836 par
423 755 526 817 foedus
540 755 614 815 fieri.
647 757 746 833 itaque
761 757 899 835 quoniam
919 755 976 815 dis·
989 761 1006 812 8
1028 761 1035 836 'j'

9 862 10 865 ¹
45 841 110 896 cerni
124 838 230 917 placet,
254 840 324 920 quid
338 839 456 919 publico
477 838 613 909 consilio,
635 837 705 917 quid
725 856 777 899 sua
797 845 901 917 sponte
921 839 977 898 1‘m‘·
1026 845 1040 906 ἒξ

44 930 172 996 pecatores
186 924 308 994 iaciant,
325 924 410 983 nobis
425 922 575 983 vobiscum
598 921 702 982 foedus
717 930 761 982 est
781 921 844 983 aC.
861 921 977 983 Lutatio
1136 962 1137 967 κ

45 1004 142 1065 consule
161 1008 266 1077 ictum,
290 1008 321 1066 iu
342 1025 481 1086 quocum
503 1014 656 1068 caveretur
671 1014 865 1085 utrorumque
879 1006 976 1074 sociis,
1027 1012 1041 1056 ’τ
1126 1034 1137 1077 t

45 1087 100 1147 nihil
113 1089 146 1149 de
161 1090 328 1169 Saguntinis
345 1123 383 1136 -
403 1090 528 1150 necdum
545 1091 624 1151 enim
640 1090 812 1151 erantsocii
832 1091 977 1150 vestri-
1026 1095 1037 1152 ζ,
1136 1096 1137 1173 ᾖ

9 1172 10 1175 ’
45 1178 139 1232 numm
157 1182 209 1235 est.
244 1175 372 1234 atenim
398 1193 433 1235 eo
448 1173 581 1242 loedere,
605 1175 684 1253 quod
704 1192 771 1234 cum
793 1172 1005 1234 Hasdrubalet

44 1253 115 1315 ictum
125 1264 179 1326 est,
196 1257 350 1336 Saguntini
365 1259 559 1337 excipiuntur.
585 1258 725 1319 adversus
739 1257 818 1336 quod
831 1275 885 1336 ego
903 1254 977 1321 nihil
1030 1249 1044 1326 ’ῖς
1136 1260 1137 1339 3

9 1366 10 1371 κ
45 1334 246 1412 actuosum,
262 1342 320 1401 nisi
337 1340 447 1421 quoda
462 1340 543 1401 vobis
559 1339 663 1400 didici:
685 1358 736 1400 vos
752 1342 831 1400 enim
846 1341 924 1419 quod
942 1340 972 1402 G.
987 1345 1020 1398 10
1037 1342 1048 1421 'J
1136 1344 1137 1431 t

44 1417 153 1484 lutatius
175 1423 279 1487 consul
298 1426 395 1504 primo
416 1424 569 1485 nobiscum
588 1422 692 1483 ioedus
717 1423 769 1482 icit
793 1424 860 1502 quia
881 1441 978 1502 neque
1036 1350 1056 1575 ὶ

45 1509 193 1569 ucoouto
206 1517 325 1588 patrum
347 1527 403 1569 nee
419 1507 521 1587 populi
541 1509 621 1566 iussu
642 1507 733 1567 ictum
751 1511 828 1574 erat,
849 1507 977 1583 negastis

45 1603 82 1647 ros
94 1609 125 1651 eo
143 1596 249 1653 teneri:
265 1594 365 1672 itaquo
380 1591 457 1652 aliud
473 1590 509 1650 de
524 1591 640 1668 integro
655 1589 759 1649 foedus
771 1587 890 1667 publico
905 1606 975 1648 con·

44 1669 92 1730 sitio
106 1675 191 1737 ictum
206 1684 260 1739 est.
295 1678 320 1736 si
341 1693 392 1736 vos
410 1692 470 1734 nou
492 1680 595 1734 tenent
617 1673 735 1734 foedera
752 1679 848 1734 vestra
867 1673 923 1732 nisi
939 1678 1017 1731 exli
1052 1680 1056 1733 f
1136 1710 1137 1733 t

9 1824 11 1829 χ
43 1761 191 1823 auctoritate
208 1767 259 1821 aut
269 1760 352 1820 iussu
366 1766 463 1819 restro
477 1758 546 1826 icta,
562 1775 600 1817 ne
613 1775 667 1817 nos
678 1756 797 1836 quidem
808 1754 975 1816 Hasdruba·
1054 1796 1057 1825 ÷
1136 1738 1137 1825 J

43 1832 183 1915 litioedus,
199 1842 278 1922 quod
290 1842 375 1902 nobis
386 1842 486 1902 insciis
496 1841 561 1908 icit,
578 1840 708 1918 obligare
720 1841 822 1920 potuit.
849 1838 974 1919 proinde
988 1846 1019 1895 12
1053 1858 1056 1895 ς
1136 1832 1137 1893 J

46 1922 147 1986 amorre
161 1927 284 2006 Sagunti
299 1933 385 2006 atquc
396 1925 499 1987 Hiberi
513 1926 692 1985 mentionem
711 1924 823 1993 iacere,
843 1931 879 1994 et,
898 1923 977 2003 quod

43 2000 80 2063 diu
92 2014 210 2085 parturit
223 2011 340 2072 animus
352 2016 461 2079 vester,
487 2007 643 2089 aliquando
658 2010 785 2087 pariat.“
827 2008 901 2068 Tum
916 2008 973 2068 Ro·
988 2013 1019 2064 13

42 2102 127 2152 manos
146 2096 211 2155 sinu
234 2114 272 2155 ex
291 2100 360 2172 toga
375 2094 452 2154 iacto
472 2093 574 2163 ‚,hic“
589 2094 685 2172 iuquit
699 2091 807 2163 „vobis
823 2090 933 2151 beHum
949 2101 979 2150 et

8 2176 11 2181 ’
41 2183 125 2242 lacem
138 2186 301 2255 portamus,
319 2185 418 2238 utrum
429 2175 537 2256 placet,
553 2178 691 2237 sumite.“
714 2174 768 2236 sub
785 2174 861 2234 hanc
876 2191 977 2232 vocem
1025 2214 1030 2227 2

42 2249 104 2316 baud
117 2262 212 2322 minus
226 2263 382 2331 ferociter,
406 2261 504 2329 daret,
530 2267 627 2319 utrum
644 2256 744 2327 vellet,
765 2255 977 2316 subclamatum
1034 2300 1040 2313 t

42 2344 84 2398 θεῖ.
112 2351 139 2403 et
161 2364 227 2407 cum
249 2347 276 2405 is
297 2347 403 2405 iterum
425 2345 492 2403 sinu
512 2342 603 2402 effuso
622 2341 733 2402 bellum
753 2340 824 2400 dare
846 2339 998 2409 dixissett
1029 2352 1038 2417 j

42 2423 155 2503 accipere
175 2449 207 2492 se
236 2447 339 2490 omnes
366 2425 582 2505 responderunt
603 2432 648 2495 et,
675 2423 784 2512 quibus
809 2424 978 2502 acciperent
980 2416 1052 2547 d}

42 2506 141 2580 animis,
158 2514 252 2574 isdem
268 2531 300 2574 se
315 2519 458 2591 gesturos.

90 2591 160 2656 xix.
189 2597 270 2658 Haec
292 2596 411 2656 derecta
431 2594 632 2673 percunctatio
653 2610 687 2652 ac
713 2591 894 2651 denuntiatio
909 2588 1005 2650 bellil

42 2677 118 2752 uagis
132 2696 167 2740 ex
187 2680 329 2760 dignitate
351 2677 452 2759 populi
472 2677 597 2739 Romani
615 2678 675 2736 risa
697 2682 741 2736 est
754 2674 842 2754 quam
860 2673 898 2734 de
915 2673 977 2734 ioc-
1082 2750 1086 2759 ‚

42 2751 129 2821 danim
148 2765 212 2825 iurc
237 2765 335 2826 verbis
360 2764 537 2842 disceptare,
559 2779 626 2821 cum
655 2767 738 2828 ante,
769 2768 831 2820 tum
854 2758 980 2818 maxime
1038 2798 1057 2835 -χ

45 2835 159 2917 Sagunto
173 2850 279 2910 excisa.
306 2867 374 2909 uam
389 2849 414 2909 si
424 2846 581 2907 verborum
597 2844 815 2923 disceptationis
831 2860 879 2903 res
894 2848 1008 2912 essetn

41 2923 99 2996 quid
112 2927 211 2992 foedus
226 2931 417 2993 Hasdrubalis
431 2950 497 2991 cum
509 2930 616 2991 Lutatii
630 2930 730 3009 priore
748 2927 885 2998 loedere,
900 2924 978 3006 quod
1061 2984 1072 2999 ,,

42 3013 168 3098 ssiuiatum
184 3023 241 3086 est,
264 3016 482 3095 conparandum
500 3022 576 3083 erat,
603 3030 670 3074 cum
688 3013 719 3072 in
742 3011 850 3073 Lutatii
863 3009 1016 3070 loederea
1038 3021 1052 3081 g

41 3084 135 3154 disemo
153 3098 283 3160 additum
304 3107 393 3168 esset,
408 3100 448 3159 ita
469 3098 498 3158 id
514 3105 610 3158 ratum
626 3097 704 3166 iore,
723 3098 748 3155 si
769 3094 895 3175 populus
910 3109 979 3151 cen·

41 3172 145 3246 sublii,
165 3182 196 3242 in
217 3181 405 3243 Hasdrubalis
427 3182 547 3242 loedere
568 3197 623 3240 nec
646 3186 800 3257 exceptum
820 3176 877 3236 tale
898 3175 979 3254 quic·
1012 3162 1034 3249 i

42 3267 116 3327 issam
132 3262 232 3334 luerit,
249 3276 277 3327 et
291 3275 335 3327 tot
345 3283 490 3328 annorum
503 3263 619 3323 silentio
633 3264 673 3322 ita
689 3264 751 3321 rivo
766 3279 801 3321 eo
816 3257 979 3338 conproba-

42 3338 273 3421 tausiriacum,
296 3358 329 3410 ut
348 3369 385 3411 ne
400 3356 517 3409 mortuo
542 3346 660 3426 quidem
682 3353 802 3406 auctore
824 3344 980 3424 quicquam

42 3427 197 3489 mutuetur.
226 3451 416 3514 quamquam,
432 3438 461 3494 et
472 3434 496 3493 si
507 3433 607 3512 priore
622 3429 746 3491 foedere
754 3435 895 3500 staretur,
912 3429 1010 3489 satist

42 3512 144 3571 cautum
166 3523 227 3575 erat
241 3517 410 3598 Saguntinis
424 3518 510 3579 sociis
529 3523 723 3596 utrorumque
743 3515 882 3597 exceptio.
914 3528 981 3574 nam
