2396 3920
148 189 190 252 32
329 203 423 244 amun
437 203 494 245 vu.
509 201 578 245 oar.
593 189 636 243 30.
650 189 694 243 31.
712 178 754 261 [a.
770 204 802 243 n.
818 203 845 243 e.
859 178 920 262 stt]

147 350 283 412 incendia
299 348 432 411 villarum
447 367 481 411 ac
498 349 615 418 ruinas,
637 348 736 408 omnia
751 347 831 407 ferro
845 348 965 427 ignique
979 353 1110 411 vastata·¹

108 443 140 496 ld
150 436 262 496 hiscine
275 436 320 495 ira
335 433 446 514 expleri
460 450 520 493 non
532 432 644 511 potnit?
675 432 727 492 sed
741 431 885 509 cupiditas
896 431 1039 510 explenda
1051 439 1110 492 est.

147 537 182 579 ea
198 517 234 579 ad
246 517 473 597 oppuguandam
489 517 618 596 Capuam
633 517 724 594 rapit:
742 523 792 577 aut
805 512 904 575 delere
921 514 1024 576 urbem
1040 514 1111 594 pul·

108 609 139 660 17
151 601 329 662 cherrimam
357 609 407 662 aut
430 603 487 680 ipsi
512 599 663 679 possidere
688 598 800 659 volunt
840 597 893 659 sed
920 617 970 659 vos
997 601 1110 677 potius,

148 686 288 753 Romani,
303 684 448 745 beneficio
459 691 556 743 restro
568 692 710 760 occupate
721 700 800 752 eam,
814 699 902 761 quam
917 680 982 742 illos
995 681 1113 743 habere

148 786 202 848 per
217 767 391 831 maleficium
409 768 519 828 sinatis.
550 784 610 827 non
624 765 731 844 loquor
743 764 820 845 apud
831 772 1016 826 recusantem
1032 768 1113 827 iusta
1190 844 1191 847 Ἴ

149 852 227 915 bella
240 852 398 932 populum:
418 851 470 911 sed
490 859 606 919 tamem
630 852 655 910 si
671 849 858 910 ostenderitis
882 848 987 910 auxilia
1002 857 1112 920 vestra,
1190 898 1191 909 i

107 944 141 996 18
151 955 189 998 ue
211 935 291 998 hello
307 937 426 1014 quidem
443 933 572 995 arbitror
592 932 675 994 vobis
689 951 763 1013 opus
778 933 852 993 lore.
881 949 974 1012 usque
995 931 1033 993 ad
1055 951 1114 994 nos
1190 998 1191 1001 ,

150 1028 337 1099 contemptus
354 1020 530 1079 Samnitium
546 1018 693 1097 pervenit,
709 1033 799 1096 supra
814 1034 874 1078 non
890 1015 1035 1079 ascendite
1055 1018 1112 1079 ita·
1190 1072 1191 1087 ,

150 1121 207 1183 quc
223 1103 329 1164 umbra
346 1104 435 1163 vostri
452 1100 565 1172 auxilii,
593 1101 732 1171 Romani,
753 1102 812 1179 tegi
832 1117 1002 1177 possumus,
1024 1100 1112 1180 quid·

149 1186 219 1265 quid
238 1184 297 1266 [id]
313 1185 419 1246 deiude
430 1185 635 1256 habuerimus,
651 1183 794 1265 quidquid
809 1186 863 1262 ipsi
880 1185 1038 1254 fuerimus,
1061 1203 1112 1244 se·

110 1276 141 1329 19
151 1278 244 1331 strum
256 1269 285 1329 id
294 1287 383 1330 omne
393 1269 596 1330 existimaturi.
619 1268 703 1329 robis
713 1267 845 1330 arabitur
857 1285 928 1347 ager
935 1268 1112 1347 Campanus,

150 1353 232 1414 vohis
247 1353 344 1432 Capua
359 1351 432 1413 urbs
447 1351 697 1432 frequentandum
716 1352 916 1420 conditorum,
933 1352 1112 1429 parentium,

152 1438 276 1500 deorum
297 1435 498 1501 inmortalium
522 1455 647 1498 numero
669 1435 755 1497 nobis
774 1437 870 1505 eritis,
895 1433 977 1495 nulla
996 1433 1114 1498 colonia

151 1532 248 1584 vestra
269 1524 340 1593 erit,
364 1539 439 1602 qnae
459 1540 515 1582 nos
529 1521 670 1600 obsequio
685 1538 755 1599 erga
774 1538 825 1581 ros
845 1519 961 1599 fideque
980 1527 1112 1599 superet
1190 1580 1191 1601 ,

109 1613 143 1665 20
154 1608 286 1675 adnuite,
307 1614 407 1686 patres
422 1607 595 1685 conscripti,
620 1612 723 1667 nutum
739 1621 907 1683 numenque
921 1610 1052 1663 vestrum
1066 1605 1114 1664 in·

152 1692 259 1750 victum
281 1692 437 1770 Campanis
460 1698 489 1749 et
512 1689 610 1749 iimete
635 1705 757 1766 sperare
783 1686 961 1747 incolumem
981 1686 1116 1764 Capuam

109 1780 140 1830 ‘tl
154 1773 292 1833 futuram.
329 1791 387 1852 qua
415 1773 580 1852 frequentia
602 1773 733 1831 omnium
754 1788 897 1849 generum
918 1768 1116 1831 multitudinis

152 1864 351 1934 prosequente
363 1855 483 1916 creditis
494 1872 549 1916 nos
562 1854 645 1914 illinc
655 1854 823 1932 prolectosl
852 1872 939 1933 quam
952 1855 1052 1914 omnia
1063 1873 1115 1916 vo·

152 1948 251 1999 torum
271 1938 517 2017 lacrimarumque
538 1937 625 2016 plena
639 1937 810 2018 reliquisse?
843 1940 875 1999 iu
896 1955 951 2018 qua
966 1954 1046 1997 nunc
1064 1956 1115 1998 ex-

153 2025 320 2101 pectatione
348 2030 482 2083 senatum
510 2022 709 2101 populumque
739 2023 936 2100 Campanum,
971 2022 1116 2098 coniuges

109 2115 143 2165 22
156 2107 324 2185 liberosque
346 2114 463 2166 nostros
481 2106 562 2166 esse?
599 2114 677 2166 stare
698 2123 815 2166 omnem
835 2105 1052 2165 multitudinem
1077 2105 1117 2166 ad

151 2200 254 2269 portas
273 2192 349 2249 viam
373 2189 443 2249 hinc
464 2188 609 2251 ferentem
631 2196 854 2268 prospectantes
871 2198 985 2251 certum
1006 2187 1116 2260 habeo.

152 2276 223 2352 quid
237 2273 296 2333 illis
312 2290 381 2342 nos,
404 2279 504 2351 patres
519 2275 694 2352 conscripti,
716 2271 849 2333 sollicitis
866 2290 901 2332 ac
915 2271 1118 2349 pendentibus

110 2358 246 2417 ttanimi
265 2357 437 2417 renuntiare
462 2356 604 2417 iubentis?
644 2356 768 2418 alterum
788 2372 962 2435 responsum
989 2353 1117 2418 salutem

152 2441 322 2511 victoriam,
345 2438 441 2503 lucem
459 2457 494 2503 ac
510 2439 693 2510 libertatem,
715 2439 840 2503 alterum
855 2441 982 2503 ominari
1003 2439 1117 2503 horreo

153 2543 228 2605 quac
251 2524 341 2587 lereti
362 2525 489 2604 proinde
513 2533 547 2607 nt
566 2534 616 2587 aut
632 2525 668 2587 de
685 2527 790 2588 restris
805 2525 912 2585 futuris
925 2524 1013 2584 sociis
1027 2531 1117 2603 atque

153 2613 256 2672 amicis
271 2617 323 2671 aut
339 2625 482 2690 nusquam
497 2609 565 2672 ullis
581 2610 687 2672 futuris
703 2608 788 2670 nobis
805 2607 982 2669 consulite.“

130 2703 142 2749 1
218 2693 319 2760 xxxl.
348 2695 509 2755 Summotis
521 2694 627 2757 deinde
640 2693 744 2772 legatis
754 2711 822 2754 cum
833 2691 985 2754 consultus
996 2698 1118 2755 senatus

154 2785 244 2843 esset,
269 2778 325 2834 etsi
345 2792 470 2853 magnae
491 2779 569 2855 parti
591 2777 664 2838 urbs
684 2779 813 2838 maxima
834 2774 1118 2854 opulentissimaque

154 2857 267 2927 ltaliae,
292 2857 458 2919 uberrimus
475 2877 545 2937 ager
559 2864 693 2941 marique
709 2863 891 2940 propinquus
908 2860 944 2922 ad
959 2861 1118 2920 varietates

154 2958 290 3003 annonae
311 2941 451 3005 horreum
472 2942 574 3021 populi
592 2945 718 3006 Romani
739 2945 803 3005 lore
823 2943 991 3012 videbatur,
1016 2951 1119 3007 tamen

153 3034 234 3088 tante
260 3025 383 3087 utilitate
407 3027 480 3087 fides
508 3028 748 3107 antiquissimi,
776 3028 985 3106 responditque
1011 3030 1053 3088 ita
1077 3045 1118 3088 ex

125 3113 326 3173 tauctoritate
339 3116 459 3172 sedatus
470 3111 588 3174 consul:
613 3160 631 3182 „
642 3111 749 3174 auxilio
764 3130 828 3181 ros,
842 3111 996 3191 Campani,
1010 3110 1118 3188 dignos

155 3203 256 3254 censet
276 3201 409 3265 senatus,
437 3195 489 3254 sed
509 3197 548 3256 ita
565 3195 717 3257 vobiscum
738 3197 895 3256 amicitiam
920 3196 1035 3255 institui
1060 3213 1117 3273 per

156 3285 214 3345 est,
238 3295 274 3337 ne
290 3296 348 3356 qua
368 3281 510 3339 vetustior
525 3281 652 3341 amicitia
666 3296 701 3340 ac
722 3280 846 3339 societas
866 3277 1001 3338 violatur.
1031 3281 1117 3341 Sam·

156 3361 231 3418 nites
252 3359 403 3422 nobiscum
426 3362 548 3433 loedere
569 3366 662 3423 iuncti
684 3370 761 3423 sunt.
795 3362 894 3441 itaque
920 3379 1017 3436 arma,
1046 3361 1119 3424 deos

58 3442 78 3447 ’”
156 3443 238 3520 prius
259 3458 346 3518 quam
367 3445 503 3506 homines
523 3446 680 3518 violatura,
707 3445 846 3507 adversus
866 3445 1015 3506 Samnites
1035 3443 1120 3507 vobis
