2290 3920
159 224 220 291 228
305 240 399 283 arana
413 239 477 281 xxr.
490 238 559 281 oar.
576 225 621 279 28.
636 225 680 278 29.
695 225 740 280 30.
757 215 797 300 [a.
813 241 846 280 u.
860 239 887 283 c.
900 216 964 300 136]

158 380 261 457 tremis
275 387 312 448 ab
334 392 411 466 aqua
437 387 640 466 trepidationis
660 385 840 466 aliquantum
856 384 999 457 edebant,
1022 384 1107 447 donec

133 470 289 563 *3qtrietem
313 474 378 555 ipsa
397 472 485 533 timor
514 469 828 551 circumspectantibus
856 487 963 550 aquam
988 468 1106 533 iecisset

162 554 298 631 arridere
313 555 401 619 etiam
415 555 577 619 saevientes
593 554 711 634 quidam
727 554 759 613 in
773 552 898 625 flumen,
917 551 970 615 scd
984 552 1106 632 pondere

132 676 133 679 =
158 634 223 721 ipso
239 637 358 703 stabiles
379 638 500 701 deiectis
521 638 688 703 rectoribus
709 636 885 717 quaerendis
906 635 1105 718 pedetemptim

158 724 240 787 radis
254 726 287 789 io
302 731 414 789 terram
429 740 558 789 erasme.

219 807 321 875 XXIX
351 807 426 873 llum
448 806 598 887 elephanti
617 806 809 877 traiciuntur,
832 805 952 869 interim
972 802 1105 869 Hannibal

49 918 68 939 s
158 890 299 959 Numidas
318 893 433 971 equites
460 892 637 972 quingentos
665 887 702 953 ad
726 895 822 951 castra
843 887 978 953 Romana
1001 887 1106 949 miserat

160 974 350 1055 speculatum,
364 973 416 1039 nbi
426 981 459 1039 et
471 982 597 1054 quantae
611 973 712 1054 copiae
727 980 826 1037 essent
840 971 954 1052 etquid
968 978 1105 1053 pararent

132 1058 229 1121 ahuic
243 1057 305 1121 alae
320 1059 558 1138 equimmmissi,
573 1064 684 1129 utente
700 1056 881 1128 dictumest,
899 1055 937 1118 ab
949 1057 1026 1118 ostio
1038 1055 1105 1119 Rho·

160 1141 229 1203 dani
248 1143 375 1207 trecenti
394 1142 595 1207 Romanorum
617 1142 730 1222 equites
760 1148 929 1205 occurrunt.
972 1137 1105 1222 proelium

133 1227 290 1289 iatrocius
305 1243 392 1305 quarn
406 1243 461 1305 pro
473 1242 598 1291 numero
608 1225 801 1305 pugnantium
817 1224 926 1289 editur:
950 1240 1020 1289 uam
1033 1240 1104 1305 prae·

160 1315 206 1370 ter
217 1307 309 1370 multa
325 1307 446 1372 vulnera
461 1309 566 1371 caedes
589 1311 677 1371 etiam
700 1326 795 1389 prope
813 1326 867 1388 par
885 1310 1036 1389 uicinaque
1054 1307 1104 1379 iuit

160 1392 288 1473 iugoque
302 1400 333 1455 et
346 1411 437 1473 paror
450 1393 643 1456 Numidarum
660 1393 800 1457 Romanis
813 1394 872 1454 iarn
887 1391 1045 1455 admodum
1059 1391 1105 1453 ies

160 1478 201 1538 sis
221 1478 373 1541 victoriam
398 1477 487 1541 dedit.
524 1478 650 1539 victores
676 1476 712 1541 ad
734 1483 853 1541 centum
878 1477 1044 1556 sexaginta,
1061 1491 1106 1536 ner
1142 1506 1143 1509 π

162 1577 267 1622 omnes
280 1560 422 1633 Romani,
439 1561 492 1623 sed
506 1578 576 1641 pars
590 1559 755 1631 Gallorum,
776 1561 845 1623 vieti
860 1559 987 1639 amplius
1002 1556 1107 1623 ducenti
1143 1622 1144 1629 χ

134 1644 344 1709 aeacidarum.
377 1646 434 1709 hoc
451 1645 630 1725 principium
643 1643 729 1709 simul
746 1661 893 1724 omenque
906 1642 980 1707 belii
993 1651 1026 1705 ut
1039 1659 1106 1704 aum·
1142 1660 1144 1725 3

161 1746 227 1791 mae
241 1747 342 1793 rerum
357 1745 533 1810 prosperum
545 1736 695 1800 eventum,
709 1729 750 1789 ita
760 1726 839 1791 haud
853 1745 924 1791 sane
934 1728 1107 1790 incruentam
1143 1728 1144 1733 ’

161 1813 354 1892 ancipitisque
370 1813 540 1877 certaminis
554 1813 706 1874 ricmriom
721 1811 860 1875 Romanis
874 1811 1036 1891 portendit

135 1902 152 1954 1
226 1895 265 1956 111
279 1913 312 1956 re
325 1897 365 1956 ita
381 1902 464 1973 gesta
474 1895 512 1959 ad
526 1902 684 1977 utrumque
699 1895 804 1959 ducem
819 1896 865 1959 sui
881 1894 1049 1967 redierunt,
1062 1910 1107 1955 neo

162 1976 294 2056 Scipioni
307 1984 386 2039 stare
401 1980 546 2043 sententia
559 1986 690 2058 poterat,
712 1980 770 2041 nisi
789 1988 824 2041 ut
836 1997 873 2042 ex
887 1978 1019 2043 consiliis
1033 1996 1107 2059 coep·
1142 1992 1143 2019 i

135 2061 256 2141 trisque
275 2061 368 2123 hostis
387 2068 418 2123 et
437 2062 501 2141 ipse
519 2069 643 2124 conatus
664 2070 798 2143 caperet,
822 2069 852 2124 et
865 2060 1060 2127 Hannibalern
1070 2062 1107 2125 n·
1141 2030 1143 2171 l

163 2151 287 2216 centurn,
303 2152 402 2211 utrum
418 2153 557 2226 coaptum
572 2147 604 2206 in
618 2144 731 2209 Italiam
745 2145 913 2209 intenderet
928 2148 986 2210 iter
1001 2165 1039 2209 an
1053 2160 1107 2208 cun

163 2246 214 2300 eo,
237 2231 288 2310 qui
303 2231 416 2310 primata
436 2246 469 2295 ao
491 2228 646 2292 obtulisset
662 2230 813 2294 Romanus
834 2231 1001 2309 exercitus,
1017 2245 1107 2292 manus

163 2320 348 2385 consereret,
364 2315 470 2377 avertit
483 2331 501 2375 a
515 2316 664 2394 praesenti
673 2315 834 2379 cormarine
850 2314 993 2377 Boiorum
1009 2313 1106 2395 iegato

161 2413 230 2457 rum
249 2395 403 2479 regulique
427 2396 533 2477 Magali
554 2398 711 2469 adrentus,
732 2399 783 2479 qui
803 2417 837 2461 se
859 2397 949 2459 ducos
969 2399 1105 2463 itinerum.

163 2481 259 2541 socios
284 2479 410 2561 periculi
427 2482 492 2545 iore
517 2481 706 2547 adfirmantes
731 2484 850 2561 integro
874 2479 954 2547 bello
975 2493 1105 2563 nusquam

133 2569 231 2626 ‘rante
245 2563 343 2629 libatis
358 2563 469 2629 viribus
484 2564 597 2629 ltaliam
610 2564 841 2644 adgrediendam
860 2573 992 2629 censent.
1023 2561 1105 2629 multi·

161 2647 234 2708 tudo
248 2648 371 2712 timebat
381 2649 501 2729 quidem
515 2649 631 2712 hostem
645 2649 778 2713 nondum
794 2649 960 2713 oblitterata
976 2644 1105 2713 memoria

162 2734 324 2809 superioris
337 2731 422 2804 belli,
444 2732 497 2795 sed
513 2735 608 2814 magis
621 2734 678 2795 iter
691 2735 859 2797 inmensum
872 2732 1035 2815 Alpesque,
1055 2743 1103 2795 ren

161 2812 238 2875 tama
252 2817 354 2894 utique
370 2816 532 2894 inexpertis
546 2816 740 2889 horrendam,
756 2817 914 2880 metuebat.
1138 2870 1139 2873 ,

134 2901 149 2954 l
223 2895 312 2961 XXX.
342 2897 444 2978 Itaque
457 2899 618 2973 Hannibal,
639 2909 794 2982 postquam
807 2903 866 2981 ipsi
879 2901 1027 2965 senienba
1040 2892 1103 2961 stalli
1138 2892 1139 2911 ²

162 2997 288 3060 pergere
304 2982 350 3042 ire
365 2988 452 3063 atque
466 2981 578 3047 italiam
595 2992 710 3064 petere,
736 2986 875 3050 advocata
889 2977 1103 3047 concontrario

134 3063 288 3127 amilitum
302 3073 400 3129 versat
413 3067 528 3131 ammos
545 3068 715 3148 oasugando
737 3067 995 3149 adhortandoque:
1016 3065 1102 3128 minu

162 3167 209 3221 so,
225 3150 345 3230 quinam
358 3158 481 3232 pectora
493 3167 613 3231 semper
632 3152 778 3233 impavida
798 3171 832 3215 re
854 3161 907 3214 ens·
921 3158 1024 3215 terror
1037 3151 1101 3209 inu·

81 3242 114 3315 i„
162 3234 242 3299 11111,
270 3253 324 3315 per
338 3242 383 3299 tot
397 3253 491 3298 annos
507 3236 650 3301 vincentis
666 3255 717 3299 eos
729 3238 824 3318 stipan
892 3235 1008 3306 iacere,
1024 3240 1100 3311 naqot

81 3284 112 3459 ξ
161 3323 230 3377 uuio
243 3317 382 3399 Hispania
393 3321 562 3391 excessisse.
577 3339 665 3403 quarn
681 3339 785 3385 omnes
794 3327 956 3402 gentesque
969 3324 1098 3383 arenas
1136 3350 1137 3385 t

88 3434 110 3533 ᾗ
162 3415 235 3476 quas
253 3399 312 3464 dno
334 3403 448 3471 diversa
467 3406 561 3468 moria
582 3405 812 3486 amplectantur,
833 3398 1099 3483 &maginiensem

133 3484 268 3544 ament.
306 3485 473 3565 indignatos
501 3488 621 3561 deinde,
650 3489 729 3571 quod
752 3492 929 3572 quicumque
955 3487 1100 3568 saguntum

1005 3570 1136 3896 ,1

1139 2394 1141 2407 i

1140 2420 1141 2427 t
