2350 3922
274 225 367 266 cmm
381 225 470 268 xxm.
491 224 560 266 car.
576 211 617 264 ao.
633 212 677 266 ar.
695 203 735 285 [a.
754 206 788 267 c.
803 204 866 287 rte]
988 210 1048 273 357

82 371 163 434 bale
173 381 323 441 metuens,
340 373 389 450 qui
403 389 492 451 super
503 372 631 453 Capuam
646 374 677 433 in
689 373 790 435 Tifatis
801 372 929 434 babebat
944 381 1048 434 castra.

83 474 152 518 nee
169 474 236 517 eum
250 455 371 534 provida
388 456 478 516 futuri
493 455 596 517 leiellit
610 457 725 534 opinio:
742 474 809 518 nam
824 456 910 518 simul
922 457 1078 536 Capuamt
1170 486 1171 489 κ

84 559 129 600 ea
146 539 244 599 clades
262 548 306 599 est
321 541 467 609 nuntiata,
490 549 572 601 ratus
586 539 732 601 Hannibal
754 539 790 601 ab
812 558 846 600 re
869 538 946 600 bene
968 550 1049 619 gesta

3 646 5 649 ·
81 623 256 684 insolenter
270 622 378 684 laetum
395 625 555 685 exercitum
570 626 700 685 tironum
719 628 874 701 magnaei
887 633 972 704 parte
987 641 1049 685 ser·

82 718 256 783 rerumque
267 706 440 785 spoliantem
454 708 543 769 victos
554 707 735 788 praedasque
748 714 882 785 agentem
895 707 930 767 ad
942 707 1050 768 Hamas

82 810 125 853 se
141 793 347 861 inventurum,
363 791 482 852 citatum
497 809 603 870 agmen
618 798 736 871 praeter
748 791 875 869 Capuam
892 792 982 871 rapit,
999 790 1077 850 ob-3
1170 826 1171 831 κ

84 877 215 954 riosque
228 891 266 960 ex'
278 875 346 953 luga
358 874 573 953 Campanorum
585 876 652 936 dato
670 874 816 954 praesidio
831 875 959 953 Capuam
973 874 1049 944 duci,
1170 876 1171 879 ’

76 960 208 1020 saucios
224 956 366 1018 vehiculis
382 959 495 1037 portari
513 958 604 1021 iubet.
640 960 704 1036 ipse
719 959 819 1020 Hamis
834 976 923 1019 vacua
938 957 977 1018 ab
997 957 1078 1017 bot

81 1042 187 1102 stibus
201 1050 296 1102 castra
311 1059 366 1101 nee
381 1043 536 1122 quiequam
551 1050 669 1123 praeter
680 1043 808 1104 recentis
821 1042 941 1120 vestigia
954 1042 1051 1102 caedis

63 1141 65 1145 ·
82 1133 243 1204 strataque
256 1127 364 1204 passim
377 1143 502 1207 camora
513 1128 661 1191 sociorum
672 1127 793 1187 invenit.
820 1134 955 1188 auctores
967 1132 1078 1186 emota

84 1208 228 1289 quidam,
250 1210 437 1287 utprotinus
452 1210 521 1270 inde
543 1211 649 1272 Cumas
670 1209 793 1272 duceret
813 1209 976 1290 urbemque
997 1227 1049 1289 op·

83 1301 250 1372 pugnaret.
280 1293 310 1353 id
329 1310 505 1372 quamquam
520 1293 599 1354 baud
614 1294 729 1355 modice
741 1289 887 1356 Hannibal
901 1292 1047 1374 cupiebat,
1061 1298 1079 1351 o
1170 1342 1171 1349 ,

50 1390 54 1396 ’
82 1385 139 1446 nt,
156 1377 224 1455 quia
236 1375 387 1455 Neapolim
401 1393 460 1437 non
473 1383 624 1455 potuerat,
642 1376 748 1439 Cumas
759 1377 861 1439 saltem
873 1379 1049 1439 maritimam
1170 1376 1171 1383 ’

82 1458 199 1521 urbem
221 1460 358 1530 haberet,
382 1467 496 1530 tamen,
518 1461 585 1541 quia
606 1468 725 1540 praeter
746 1478 827 1522 arma
853 1461 926 1520 nihil
949 1478 1049 1521 secum

83 1542 179 1605 miles
193 1545 299 1621 raptim
316 1551 380 1605 aeto
399 1544 515 1622 agmine
529 1544 686 1615 extulerat,
708 1552 788 1605 retro
803 1546 834 1605 in
849 1550 944 1604 castre
961 1560 1050 1622 super

83 1625 188 1689 Tifata
199 1645 231 1688 se
244 1630 366 1706 reecpit.
396 1628 465 1700 'nie
478 1627 614 1706 fatigatus
628 1628 841 1707 Campanorum
854 1627 992 1706 precibus
1002 1644 1047 1686 se·
1061 1634 1075 1683 r

84 1711 197 1791 quenti
213 1710 261 1771 die
276 1729 343 1773 eum
359 1713 439 1772 omni
455 1719 597 1791 apparatu
610 1710 823 1791 oppugnandae
845 1711 928 1772 urbis
944 1711 1049 1772 Cumas

84 1793 184 1865 redit,
204 1793 457 1874 perpopulatoque
472 1812 542 1872 agro
558 1797 687 1857 Cumano
705 1794 785 1856 mille
805 1813 908 1874 passus
923 1794 959 1855 ab
975 1792 1049 1854 urbe

86 1886 189 1939 castra
207 1878 300 1947 locat,
324 1897 391 1939 cum
407 1879 556 1940 Gracchus
571 1881 663 1956 magis
678 1879 854 1940 verecundia
875 1880 907 1939 in
930 1877 980 1938 tali
997 1882 1077 1937 ne·8

86 1963 229 2022 cessitate
247 1961 402 2023 deserendi
418 1963 514 2024 socios
527 1963 702 2042 inplorantis
724 1962 811 2024 tidem
832 1981 915 2025 suam
933 1960 1048 2042 populi-

86 2063 152 2124 que
165 2045 289 2107 Romani
307 2045 482 2107 substitisset
498 2065 585 2126 quarn
605 2048 674 2108 satis
696 2046 789 2108 fidens
807 2048 955 2108 exercitui.
995 2049 1077 2105 need

88 2128 168 2190 alter
183 2127 286 2190 consul
300 2128 424 2200 Fabius,
446 2131 496 2209 qui
511 2130 547 2192 ad
558 2131 642 2193 Cales
659 2139 753 2192 castra
769 2128 910 2199 habebat,
932 2128 1047 2188 Voltur-

89 2228 166 2273 num
176 2212 286 2274 ssumeu
295 2213 449 2274 traducere
462 2213 587 2273 audebat
598 2217 767 2283 exereitum,
781 2220 939 2291 occupatus
950 2213 1045 2289 primo
1058 2217 1090 2268 lo

89 2298 230 2374 auspiciis
245 2295 426 2375 repetendis,
449 2295 514 2356 dein
531 2297 687 2375 prodigiis,
714 2314 788 2375 quae
804 2293 858 2355 alia
879 2312 969 2374 super
992 2293 1046 2354 alie

90 2378 319 2449 nuntiabantur,
338 2380 525 2458 expiantique
541 2397 574 2440 ea
589 2379 666 2440 haud
683 2377 769 2440 facile
784 2376 862 2438 litari
876 2378 1047 2457 haruspices

89 2462 321 2542 respondebant.
931 2520 934 2525 .

155 2546 293 2608 XXXVII.
323 2547 383 2608 Eae
398 2564 502 2608 causae
517 2564 582 2606 cnm
598 2545 721 2607 Fabium
734 2554 884 2616 tenerent,
908 2544 1073 2624 Sempro-t
1098 2577 1101 2584 -

90 2632 159 2691 nius
174 2630 205 2690 in
217 2628 370 2691 obsidione
382 2639 458 2699 erat,
476 2637 505 2690 et
519 2630 575 2691 iam
587 2628 726 2709 operibus
736 2629 969 2709 oppugnabatur.
998 2628 1076 2690 ard-2
1170 2636 1171 2671 1

91 2731 195 2775 versus
209 2711 337 2791 ligneam
353 2715 503 2792 ingentem
528 2713 675 2774 admotam
690 2712 758 2774 urbi
782 2712 866 2774 aliam
883 2722 996 2774 turrem
1012 2729 1047 2772 ex

91 2799 158 2878 ipso
173 2814 258 2859 muro
274 2799 409 2859 excitavit
430 2796 532 2857 consul
547 2797 711 2867 Romanos,
735 2796 882 2876 aliquanto
903 2796 1046 2865 altiorem,

92 2884 263 2962 quiamuro
277 2882 345 2941 salis
367 2899 422 2961 per
442 2900 474 2941 se
496 2878 553 2941 alto
570 2879 708 2941 subiectis
727 2880 829 2942 validis
852 2879 972 2942 sublicis
992 2898 1046 2960 pro
1170 2926 1171 2929 ,

91 2965 156 3026 solo
174 2984 243 3026 usus
261 2974 333 3026 erat.
369 2965 439 3025 inde
458 2966 586 3045 primum
604 2965 680 3025 saxis
701 2963 879 3044 sudibusque
895 2972 924 3025 et
941 2965 1075 3025 ceterisa
1134 2992 1136 2995 v

92 3048 254 3112 missilibus
269 3056 503 3128 propugnatores
518 3049 634 3109 moenia
648 3056 735 3127 atque
752 3048 856 3112 urbem
874 3047 1046 3116 tuebantur;
1170 3056 1171 3077 ἒ

91 3141 258 3213 postremo,
273 3131 326 3193 ubi
339 3132 538 3211 promovendo
556 3132 721 3193 adiunctam
737 3149 822 3192 muro
837 3132 971 3193 viderunt
985 3137 1076 3191 tur-4
1170 3182 1171 3201 ,

92 3236 174 3288 rem,
196 3216 309 3278 lacibus
325 3215 495 3277 ardentibus
511 3215 669 3295 plurimum
687 3214 772 3277 simul
792 3217 891 3293 ignem
913 3214 1046 3275 coniece·
1170 3228 1171 3231 ’

93 3308 173 3362 runt.
210 3319 268 3380 quo
283 3299 419 3359 incendio
435 3298 550 3378 trepida
565 3306 743 3360 armatorum
761 3297 916 3359 multitudo
932 3316 998 3359 cum
1011 3296 1075 3358 deo
1170 3310 1171 3357 ζ

3 3386 5 3395 “
93 3395 176 3444 turre
189 3401 256 3457 sese
272 3385 492 3463 praecipitaret,
517 3384 632 3462 eruptio
654 3401 689 3443 ex
705 3381 811 3462 oppido
834 3381 920 3443 simul
936 3380 1048 3442 duabus
1170 3380 1171 3387 ’

2 3476 5 3481 ⁴
93 3467 188 3549 portis
202 3468 341 3528 stationes
356 3468 481 3528 bostium
503 3466 578 3528 ludit
599 3466 764 3548 fugavitque
786 3468 816 3528 in
834 3475 944 3537 castra,
966 3472 1048 3526 uteo
