2350 3922
170 216 234 278 350
318 230 413 272 smus
426 228 517 274 xxm.
533 227 600 271 osa.
618 215 661 267 oo.
681 216 723 266 at.
739 205 779 288 [a.
794 231 825 270 u.
839 213 933 268 asae.
949 203 1005 286 sao]

30 416 32 441 .
171 376 276 446 ferret,
291 383 325 436 ut
340 375 374 446 Q.
389 375 511 436 Fabium
527 376 712 436 duumvirum
734 374 950 435 esseiuberent
971 371 1043 432 aedis
1057 371 1098 432 de·

30 448 33 527 ἶ
130 456 313 520 indicandae
340 477 436 521 causa.
473 467 502 520 et
520 459 559 520 M.
584 457 706 519 Aemilio
726 458 851 535 Lepido,
884 460 933 537 qui
952 456 995 517 his
1013 452 1098 515 consul

171 560 323 622 augurque
338 543 449 613 fuerat,
465 541 516 602 filii
535 549 609 611 tres,
626 543 733 603 Lucius
753 542 867 603 Marcus
884 541 1016 613 Quintus,
1030 537 1100 597 ludos

108 626 529 792 trististristis
542 622 1099 770 nitidisnitidis‘tit

120 870 124 876 ⁸
170 795 263 854 torius
285 800 314 854 et
335 793 379 853 Ti.
402 793 596 871 Sempronius
627 793 792 861 Gracchus,
817 791 919 854 consul
945 790 1098 866 designatus,

118 886 124 937 .’
171 879 221 957 qui
243 879 274 938 in
295 875 442 937 aedilitate
463 877 601 955 magister
624 879 755 956 equitum
774 876 884 947 luerat,
912 874 997 937 ludos
1014 872 1099 932 Mona·

113 968 162 1047 317
174 980 228 1022 nos
242 960 390 1031 lecerunt,
406 961 456 1039 qui
470 977 524 1038 per
538 959 668 1022 triduum
682 961 836 1022 instaurati
850 967 929 1021 sunt.
952 956 1043 1037 plebei
1054 952 1100 1014 ludi

111 1058 116 1071 ’
172 1043 309 1105 aedilium
327 1044 365 1105 M.
388 1043 488 1106 Aureli
510 1044 610 1105 Cottae
630 1051 659 1104 et
680 1044 719 1104 M.
740 1042 842 1106 Claudi
863 1041 993 1104 Marcelli
1012 1048 1052 1101 ter
1066 1039 1099 1096 iu·

109 1146 116 1203 ἢ,
171 1130 301 1191 staurati.
744 1178 747 1181 .

109 1212 165 1271 ,³18
236 1213 419 1273 Circumamo
442 1212 529 1272 tertio
550 1227 628 1270 anno
647 1210 751 1270 Punici
779 1209 849 1270 belli
863 1208 907 1271 ti.
932 1205 1101 1286 Sempronius

106 1320 109 1333 ¹
172 1294 275 1356 consui
289 1294 389 1356 idibus
397 1295 509 1357 Martiis
523 1295 725 1372 magistratum
737 1294 807 1354 init.
837 1300 990 1372 praetores
1004 1290 1035 1362 Q.
1048 1285 1099 1349 Ful·

99 1390 111 1461 j·
171 1382 233 1440 vius
249 1378 379 1448 Flaccus,
396 1379 449 1458 otri
461 1387 548 1443 antea
561 1376 605 1440 no
619 1374 721 1457 consul
736 1395 901 1455 censorque
916 1377 1018 1443 luerat
1031 1370 1090 1433 urba

96 1470 105 1549 ξὁ
172 1481 253 1534 nam,
279 1462 316 1523 M.
337 1461 470 1524 Valerius
488 1464 634 1525 Laevinus
657 1456 844 1542 peiegrinam
865 1468 976 1523 sortem
994 1460 1025 1517 in
1045 1453 1099 1515 iuris

171 1548 299 1609 dictione
314 1545 431 1616 hahuit;
446 1548 500 1626 hp.
512 1546 650 1610 Claudius
664 1544 791 1609 Pulcher
802 1543 949 1615 Siciliam,
964 1543 997 1615 Q.
1011 1538 1099 1602 Mucius

130 1638 162 1691 19
174 1629 310 1693 Scaevola
326 1630 492 1693 Sardiniam
508 1628 603 1691 sortiti
617 1637 693 1691 sunt.
723 1630 761 1690 M.
775 1628 916 1697 Marcello
936 1645 991 1709 pro
1004 1617 1098 1687 consue

94 1728 97 1761 ῑ
170 1717 328 1793 imperium
361 1732 424 1774 esse
452 1713 579 1793 populus
613 1715 710 1783 iussit,
747 1713 827 1792 quod
851 1721 921 1792 post
940 1712 1098 1774 Cannensem

101 1818 110 1871 e
171 1798 285 1859 cladem
299 1798 591 1859 unusllomanorum
607 1800 816 1876 imperatorum
837 1796 967 1859 initalia
983 1801 1098 1873 prospers

103 1922 110 1951 ,
142 1886 234 1943 trem
250 1881 396 1958 gessisset.
439 1880 541 1943 XXXI.
576 1881 714 1952 Senatus,
735 1899 792 1960 quo
815 1879 863 1941 die
884 1881 1010 1959 primum
1030 1871 1097 1936 estin

108 2011 109 2017 .
171 1962 313 2042 Capitolio
326 1963 489 2031 consultus,
506 1965 649 2035 decrevit,
666 1971 698 2024 ut
710 1961 797 2044 [quo]
811 1981 846 2023 eo
861 1981 941 2025 anno
954 1959 1053 2040 duplex
1061 1953 1097 2015 tri·

142 2047 273 2109 abutum
287 2044 496 2126 imperaretur,
515 2046 640 2125 simplex
651 2047 805 2109 confestim
817 2049 999 2126 exigeretur,
1014 2059 1046 2104 ex
1057 2052 1097 2117 qul

92 2148 104 2211 ξι
171 2131 349 2213 stipendium
363 2146 503 2210 praesens
518 2129 655 2212 omnibus
673 2128 816 2191 militibus
836 2131 972 2202 daretur,
992 2130 1097 2207 praeter·

89 2220 101 2263 Γ
144 2222 259 2295 aquam
274 2216 324 2294 qui
344 2213 451 2276 milites
472 2214 509 2276 ad
523 2213 640 2275 Cannas
660 2213 792 2275 inissent.
832 2214 869 2275 de
886 2205 1097 2277 exercitionem

81 2374 86 2385 ι
172 2299 379 2369 decreverunt,
397 2298 430 2360 u't
440 2297 554 2361 duabus
563 2297 728 2376 legionibus
741 2296 863 2358 urbanis
874 2298 920 2359 ni.
935 2289 1098 2374 Sempronius

81 2380 91 2443 i
172 2381 274 2444 consul
291 2382 419 2444 Calesad
433 2382 667 2443 conveniendum
678 2380 757 2442 diem
769 2381 916 2450 edicerem
932 2379 1000 2442 inde
1013 2391 1057 2437 eae
1067 2369 1096 2429 le·

72 2492 76 2499 ·
172 2467 274 2545 giones
284 2467 315 2525 in
330 2473 425 2527 castra
437 2464 594 2527 Claudiana
612 2482 701 2544 supra
714 2462 881 2527 Suessulam
896 2461 1095 2527 deducerentur.

142 2558 246 2630 siquae
256 2547 298 2611 ibi
308 2549 439 2628 legiones
451 2556 549 2609 essent
562 2582 605 2593 -
619 2557 703 2609 crant
713 2556 809 2610 autem
822 2549 984 2610 Cannensis
998 2539 1096 2625 1111311119

174 2635 320 2695 exercitus
338 2664 390 2703 -,
404 2650 454 2694 eas
468 2633 579 2712 Appius
593 2630 730 2693 Claudius
751 2630 885 2693 Pulcher
897 2637 1014 2710 praetor
1027 2626 1053 2685 in
1064 2617 1094 2678 Sl

173 2717 269 2776 ciliam
280 2718 434 2786 traiceret,
450 2734 583 2795 quaeque
592 2718 622 2774 in
638 2715 736 2779 Sicilia
751 2722 862 2789 essent,
878 2716 1001 2777 Romam
1015 2710 1095 2784 depol·

143 2806 314 2862 iterentur.
343 2800 380 2861 ad
395 2801 565 2868 exercitum,
581 2800 628 2859 cui
642 2797 678 2859 ad
693 2798 923 2860 conveniendum
937 2795 1015 2860 Cales
1025 2788 1095 2851 edidi

174 2882 236 2942 dies
248 2890 324 2953 erat,
344 2884 382 2943 Μ.
404 2882 540 2946 Claudius
554 2881 710 2943 Marcellus
727 2883 846 2953 missus,
871 2885 955 2963 isque
975 2881 1058 2940 iussus
1074 2867 1093 2925 1⁰

144 2972 267 3026 dcastra
284 2965 441 3028 Claudiana
456 2966 603 3026 deducere
617 2965 745 3027 urbanas
767 2965 907 3044 legiones.
936 2962 1093 3024 adveterffll

174 3050 335 3110 exercitum
353 3049 555 3128 accipiendum
571 3049 833 3130 deducendumque
852 3048 921 3110 inde
944 3049 974 3107 in
990 3036 1093 3105 Sicilltffi

174 3134 219 3193 Ti.
237 3133 385 3196 Maecilius
410 3132 498 3195 Croto
525 3133 638 3211 legatus
663 3133 700 3194 ab
721 3136 774 3213 Ap.
794 3133 914 3195 Claudio
939 3136 982 3192 est
1004 3124 1094 3215 misili-
1141 3208 1142 3211 Ἴ

146 3217 256 3274 'ttaoiti
275 3218 373 3296 primo
393 3223 619 3294 expectaverant
640 3215 788 3288 homines,
813 3217 858 3278 uti
882 3210 981 3277 consul
1001 3207 1094 3268 comto

176 3296 304 3374 collegae
320 3298 448 3359 creando
460 3298 596 3371 haberet3
611 3299 733 3373 deinde,
749 3299 800 3361 ubi
815 3299 975 3380 ablegatum
989 3289 1056 3353 velut
1068 3279 1094 3339 ds
1141 3306 1142 3309 ¹

175 3377 317 3438 industria
329 3381 366 3441 M.
377 3379 547 3445 Marcellum
562 3383 714 3455 viderunt,
732 3403 819 3464 quem
836 3365 1095 3454 manmeconsden

175 3460 208 3517 in
224 3477 293 3519 eum
307 3479 416 3524 annum
437 3462 475 3524 ob
492 3467 612 3544 egregie
631 3469 662 3526 in
684 3477 820 3544 praetura
843 3487 891 3545 res
909 3470 1002 3546 gestas
1019 3455 1095 3514 creati
