2350 3922
160 239 222 302 314
333 254 427 294 staua
441 254 517 295 xxm.
535 252 604 295 cue.
620 240 663 294 59.
678 239 723 294 60.
738 231 779 294 la.
794 255 825 294 u.
842 255 867 294 c.
882 229 941 289 538?

160 413 260 461 noster
275 413 326 461 esc
358 417 413 461 nec
427 417 539 460 marore
560 415 656 460 oreuc
679 400 787 461 redimi
806 415 964 459 possumus.
990 398 1098 476 quamlt

162 498 313 545 emuntur:
329 502 397 544 nam
413 484 438 545 sl
453 486 603 544 conteram
618 501 752 544 nuscum
767 484 838 552 rins,
854 498 988 542 iniuriam
1001 480 1098 540 nomini

119 574 151 627 13
161 568 294 628 Romano
316 567 430 628 lacrum.
465 566 538 628 illud
562 571 650 628 etiam
671 569 702 628 iu
722 572 774 629 tat
792 566 913 627 consilio
936 562 1098 625 ammadver-

160 650 283 711 tendum
295 650 377 712 vohis
395 669 546 720 censeam,
564 660 663 730 patres
678 651 851 729 conscripti,
874 650 969 709 silam
983 648 1098 707 dmiorcs

161 752 226 795 esse
237 733 345 805 velitis,
362 734 440 812 quod
452 733 532 794 nullo
544 742 645 796 nostro
657 736 763 795 merito
774 734 900 803 faciatis,
916 732 963 791 cui
974 747 1024 790 nos
1036 729 1099 789 hosti

119 826 152 875 14
163 817 295 879 relicturi
312 819 384 879 sitis.
416 817 529 896 Pyrrho
554 817 704 886 videlicet,
727 818 778 897 qui
799 815 880 897 [vos]
902 816 1042 893 hospitum
1056 830 1098 872 uu·

161 920 245 962 mero
264 903 393 979 captivos
412 901 532 961 habuitl
563 920 600 962 an
623 901 750 962 barbaro
769 918 803 960 ac
821 899 937 969 Poeno,
957 900 1005 977 qui
1018 905 1099 956 utrum

120 993 152 1045 15
164 987 278 1046 ava-rior
293 1004 331 1046 an
346 983 493 1045 crudelior
507 986 558 1055 sit,
573 987 621 1044 rix
635 984 796 1045 existimari
815 983 929 1062 potestl
951 983 976 1042 si
999 980 1099 1051 videatis

162 1076 279 1129 catenas
299 1068 464 1146 squalorem
486 1067 704 1129 deformitatem
725 1069 831 1128 civium
856 1073 1018 1128 vestrorum
1054 1077 1100 1121 non

161 1154 258 1212 miuus
272 1151 405 1229 prolecto
420 1168 471 1210 vos
488 1168 522 1211 ea
543 1153 657 1230 species
678 1159 806 1220 moveat,
828 1167 918 1227 quam
940 1152 964 1210 si
979 1167 1014 1209 ex
1027 1145 1100 1207 altera

161 1244 245 1314 parte
260 1236 386 1294 cernatis
400 1241 507 1295 stratas
518 1235 720 1296 Cannensibus
734 1235 846 1313 campis
855 1232 988 1312 legiones
1000 1239 1093 1291 vestra

121 1319 271 1378 lammeri
287 1320 408 1396 potestis
423 1316 649 1379 sollicitudinem
665 1326 695 1378 et
711 1314 847 1379 licrimas
867 1318 897 1376 in
914 1314 1099 1378 vestibulum·
1120 1380 1123 1389 ¹

162 1402 225 1461 riae
253 1402 393 1462 stantium
422 1410 614 1480 cognatorum
648 1410 816 1463 nostrorum
848 1402 1100 1480 expectantiumque

161 1502 336 1565 responsum
352 1495 490 1547 vestrum.
519 1503 586 1547 curn
600 1486 622 1545 ii
636 1502 692 1565 pro
709 1484 795 1546 nobis
808 1502 925 1563 proque
941 1485 991 1555 iis,
1006 1484 1052 1562 qui
1063 1478 1099 1540 ab·

161 1577 246 1639 sunt,
267 1571 307 1629 ita
321 1570 455 1648 suspensi
471 1587 505 1629 ac
520 1568 636 1630 solliciti
650 1569 724 1638 sint,
746 1586 834 1647 quem
847 1570 978 1629 censetis
994 1567 1099 1627 animun

161 1654 293 1731 ipsorum
308 1671 387 1722 esse,
410 1670 535 1731 quorum
549 1655 581 1713 in
599 1653 768 1715 discrimine
787 1653 845 1712 vita
867 1650 1043 1730 libertasque
1055 1643 1099 1706 estl

120 1743 152 1793 17
164 1735 215 1794 sed
231 1737 270 1804 si,
292 1753 340 1796 me
357 1737 422 1796 dius
443 1736 543 1804 lidius,
565 1736 629 1815 ipse
647 1738 679 1796 in
693 1754 747 1797 nos
767 1737 844 1796 mitis
858 1733 1007 1796 Hannibal
1020 1736 1100 1792 coum

163 1829 299 1882 naturam
324 1837 406 1880 suam
433 1837 497 1880 csse
520 1819 603 1885 velit.
630 1819 704 1880 nihil
731 1826 830 1880 tamen
853 1817 941 1880 nobis
967 1819 1023 1877 vita
1045 1826 1100 1892 opus

163 1918 228 1960 esse
245 1918 432 1978 censeamus,
455 1920 523 1962 cum
537 1903 652 1981 indigni
666 1912 699 1964 ut
713 1902 931 1963 redimeremur
947 1919 963 1962 a
978 1899 1053 1962 volus
1063 1897 1101 1955 un

99 1984 100 1987 ’
120 1985 264 2043 ’ssimum
305 1983 422 2043 rediere
436 1985 559 2045 Romam
579 1986 726 2064 quondam
746 1988 864 2046 remissi
884 2004 901 2045 a
923 1985 1034 2064 Pyrrho
1054 1993 1100 2039 smt

162 2069 257 2146 pretio
270 2068 363 2146 capti;
378 2066 431 2127 sed
443 2068 559 2128 redicre
574 2086 642 2129 cum
656 2069 774 2147 legatis,
789 2069 973 2148 primoribus
989 2063 1099 2129 cinam

163 2151 199 2212 ad
222 2150 409 2212 redimendos
429 2169 493 2213 sese
513 2152 620 2213 missis.
654 2153 773 2214 redeam
796 2170 851 2231 ego
869 2153 901 2212 in
922 2154 1043 2233 patriam
1056 2155 1100 2207 ue

122 2243 153 2292 ln
165 2235 258 2296 centis
269 2236 397 2297 nummis
408 2253 468 2295 uon
480 2236 647 2299 aestimatus
660 2237 747 2297 civis?
767 2255 852 2297 suum
863 2235 1099 2326 qquisueaninuu

84 2335 111 2406 χ
164 2320 267 2388 laudet,
288 2326 388 2411 patres
412 2320 579 2418 conscripti.
623 2322 684 2382 scio
705 2322 736 2379 in
760 2320 931 2382 discrrmrne
952 2336 1014 2379 esso
1033 2333 1056 2374 n

163 2419 329 2470 corouscue
344 2420 441 2464 meum
449 2422 458 2472 ;
473 2421 566 2482 magn
577 2422 625 2464 me
641 2405 736 2465 lamae
750 2402 915 2464 ocriculum
928 2408 1028 2464 movet
1051 2408 1098 2456 net

162 2502 245 2546 vonis
261 2500 390 2546 damnan
406 2505 440 2546 ac
454 2490 566 2568 reputsi
579 2502 733 2548 aoeamus:
757 2505 853 2568 neque
868 2503 947 2547 emm
964 2488 1013 2546 ros
1027 2493 1097 2562 prem

163 2570 331 2650 pepercisse
347 2571 482 2633 homines
500 2572 628 2632 credent

104 2661 149 2727 „t
224 2652 282 2713 tx.
312 2652 415 2714 Ubiis
437 2655 525 2714 linem
549 2655 633 2722 lecit,
655 2653 802 2732 extemplo
818 2653 855 2714 ab
875 2672 909 2715 ea
922 2652 1021 2722 turba,
1043 2658 1097 2727 quae

110 2796 114 2804 ,
163 2738 195 2795 in
211 2737 330 2796 comitio
346 2744 422 2806 crat,
439 2737 550 2798 clamor
564 2737 670 2798 ssebilis
683 2745 727 2798 cst
741 2736 887 2807 sublatus,
908 2749 1061 2814 manusque
1072 2723 1097 2787 tl

165 2820 276 2879 curiam
297 2819 457 2880 tendebam
476 2831 609 2892 orantes,
629 2828 662 2882 ut
685 2819 741 2882 sibi
762 2819 872 2881 liberos
892 2820 1096 2906 fratres'cognt·

133 2911 209 2962 *atos
228 2901 398 2963 redderent.
444 2903 567 2964 feminas
591 2923 707 2983 quoque
735 2912 832 2964 metus
853 2922 886 2964 ac
908 2903 1057 2964 necessitas
1075 2905 1096 2987 lt

165 2987 230 3046 loro
244 2983 347 3045 turbae
361 2987 490 3047 virorum
505 2988 704 3048 inmiscuerat.
741 2995 859 3048 senatus
879 2987 1020 3049 submotis
1038 2977 1095 3070 arltj

135 3071 217 3145 atris
233 3067 346 3130 consuli
362 3079 492 3149 coeptus.
523 3069 565 3129 ibi
583 3090 649 3132 curn
664 3073 817 3131 sententiis
833 3073 1007 3138 variaretur,
1027 3057 1095 3125 etalu

165 3153 354 3214 redimendos
367 3154 403 3214 de
416 3154 549 3233 publico,
575 3153 623 3216 alii
639 3153 748 3215 nullam
771 3152 888 3233 publice
909 3157 1052 3232 inpensam
1065 3143 1094 3202 la·

136 3236 299 3323 sciendam
319 3254 375 3297 uec
398 3238 597 3317 prohibendos
617 3256 654 3299 ex
672 3240 785 3317 privato
811 3237 930 3305 redimi,
961 3237 986 3295 si
1011 3228 1095 3313 quibus

165 3324 320 3390 argentum
334 3321 366 3379 in
380 3324 545 3399 praesentia
561 3321 689 3392 deesset,
711 3321 836 3383 dandam
853 3341 889 3385 ex
903 3320 1012 3388 aerario
1025 3325 1094 3394 petil·

166 3397 245 3455 niam
262 3407 392 3462 mutuam
410 3404 625 3484 praedibusque
641 3423 675 3465 ac
695 3404 823 3484 praediis
837 3403 993 3466 cavendum
1007 3388 1094 3485 popul⁰

136 3482 332 3547 ocenserent,
359 3488 420 3545 tum
442 3488 475 3545 T.
497 3487 621 3548 Manlius
642 3488 822 3567 Torquatus,
843 3488 955 3568 priscae
975 3500 1007 3545 ac
1025 3479 1095 3539 nimo
