2280 3926
84 214 125 277 88
168 229 263 270 nmen
278 229 347 270 rut.
366 226 435 271 our.
451 215 494 268 36.
506 215 551 267 37.
569 205 609 288 [a.
624 230 656 269 u.
675 230 701 270 e.
715 216 766 266 lea
778 205 946 291 (430)·432}

84 375 121 435 ad
135 372 335 435 salubritatem
353 374 500 436 elflcaclus
518 375 621 445 luerit,
637 394 724 456 quam
746 376 825 455 quod
848 384 932 453 grato
948 376 1052 438 animo

54 468 119 519 eea
135 475 206 519 cura
220 466 341 538 accepta
357 467 411 521 est.
442 459 554 521 relecto
572 462 704 520 exercitu
725 477 792 521 cum
806 460 892 520 hoste
907 478 1050 537 coagme-

83 560 133 602 sus
157 541 235 602 baud
260 541 348 603 dubia
369 558 422 623 spe
443 561 496 605 sua
508 542 693 625 militumque
723 546 763 604 ita
782 543 857 604 ludit
879 542 1052 623 fugavitque

84 627 248 696 Samnites,
268 634 303 687 ut
321 625 371 687 ille
392 627 513 688 ultimus
533 629 576 689 eie
599 627 662 689 dies
683 628 856 690 conferendi
876 630 959 706 signa
978 646 1052 689 cum

54 711 227 771 edictatore
242 710 344 773 luerit.
370 712 492 773 incessit
507 710 629 782 deindo,
654 729 711 792 qua
727 711 811 773 duxit
823 712 951 791 praedae
968 729 1048 790 spec,

84 796 177 854 rictor
188 796 344 866 exercitus,
359 794 605 875 perlustravitque
619 797 748 859 boatium
760 813 848 873 agros
860 794 939 855 nullo
951 813 1045 864 arma,

39 885 75 939 to
86 877 198 940 nullam
213 881 272 939 vim
286 895 343 940 nec
357 884 489 958 apertam
501 897 557 940 nec
571 898 608 941 ex
622 880 737 940 insidiis
748 888 896 957 expertus.
920 877 1051 939 addebat

82 963 278 1031 alacritatem,
294 963 374 1043 quod
390 963 514 1025 dictator
527 962 669 1043 praedam
683 981 801 1025 omnem
817 963 950 1025 edixerat
964 961 1045 1022 mili-

82 1048 175 1116 tlbus,
193 1064 248 1108 nec
262 1048 305 1107 ira
326 1049 419 1125 magis
446 1047 564 1126 publica
579 1064 666 1127 quam
682 1049 827 1128 privatum
848 1045 1062 1126 conpendium*

39 1139 71 1191 11
81 1132 112 1191 in
128 1131 244 1191 hostem
262 1128 394 1190 acucbat.
427 1132 474 1191 hia
495 1130 627 1193 cladibus
641 1133 755 1194 subacti
775 1132 924 1193 Samnites
940 1147 1051 1210 pacem

82 1232 98 1276 a
115 1214 259 1275 dictatore
273 1215 403 1292 petiere3
425 1233 493 1275 eum
508 1234 566 1294 quo
580 1218 672 1296 pacti,
691 1223 724 1277 ut
743 1214 859 1294 singula
871 1216 1050 1276 vestimenta

40 1308 73 1359 12
84 1295 226 1360 militlbus
242 1303 272 1358 et
286 1314 416 1359 annuum
427 1298 606 1379 stipendium
623 1299 742 1369 darent,
765 1318 833 1360 cum
847 1300 893 1360 ire
907 1297 944 1360 ad
959 1316 1047 1358 sena-

81 1390 144 1445 tum
159 1383 232 1445 iussi
250 1388 363 1453 essent,
387 1390 541 1445 secutmos
563 1401 596 1445 se
619 1383 793 1445 dictatorem
817 1381 1046 1462 responderunt,

81 1469 170 1529 unius
183 1470 247 1528 eius
261 1466 330 1527 lldei
341 1467 500 1547 virtutique
511 1482 628 1529 oausam
641 1487 723 1530 suam
737 1467 987 1529 commendantes.
1004 1468 1049 1528 lta

35 1556 39 1562 “
56 1550 622 1614 1deductusexSemnltibusexercitus.
643 1551 781 1613 XXXVII.
797 1552 929 1612 Dictator
938 1554 1047 1612 triem-

81 1636 177 1716 phans
194 1635 300 1698 urbem
317 1642 361 1696 est
378 1637 544 1714 ingressus;
560 1644 598 1704 et,
616 1653 683 1696 cum
695 1652 727 1696 se
743 1636 888 1696 dicutma
907 1632 1050 1696 abdicare

82 1719 178 1791 vellet,
198 1722 279 1781 iussu
291 1727 422 1798 patrum,
443 1720 614 1798 priusquam
628 1717 792 1789 abdicaret,
812 1717 949 1780 consules
962 1735 1049 1780 orea-

82 1806 122 1864 vit
134 1805 164 1865 C.
177 1803 339 1884 Sulpicium
345 1804 479 1881 Longum
496 1804 605 1863 iterum
623 1802 657 1874 Q.
671 1801 828 1867 Aemilium
840 1801 1046 1864 Cerretanum.

54 1888 228 1948 asamnites
247 1887 357 1948 inlecta
377 1904 466 1967 poce,
494 1887 562 1965 quia
588 1886 625 1947 de
645 1887 868 1950 condicionibus
892 1885 1047 1963 agebatur,

81 1972 210 2032 indutias
225 1988 337 2033 annuas
356 1971 394 2031 ab
412 1971 488 2032 urhe
505 1970 699 2041 rettulerunt3
723 1990 780 2032 nec
793 1989 895 2032 earum
912 1972 1051 2050 ipsarum

82 2063 183 2117 sancta
203 2056 275 2116 ddes
297 2055 367 2116 luit:
390 2055 480 2126 adeo,
496 2062 652 2135 postquam
667 2057 817 2136 Papirium
839 2054 936 2116 abisse
951 2056 1046 2132 mogi·

83 2148 177 2201 stratu
192 2140 357 2201 nuntiatum
374 2145 436 2209 eat,
454 2141 563 2201 arrecti
578 2140 616 2201 ad
630 2139 800 2201 bellandum
816 2140 907 2200 animi
923 2147 1002 2198 sunt
1038 2152 1042 2155 “

54 2231 70 2283 3
140 2227 170 2287 C.
184 2224 314 2304 Sulpicio
322 2223 356 2294 Q.
364 2222 660 2287 Aemilio-Aulium
673 2224 791 2305 quidam
804 2221 1049 2284 aunaleshabent

84 2344 122 2354 -
142 2308 311 2370 consulibus
326 2304 363 2368 ad
387 2306 582 2369 delectionem
599 2309 773 2369 Samnitium
792 2305 1045 2386 Apulum‘norum
1109 2378 1115 2387 Ι

82 2390 192 2452 bellum
203 2393 335 2454 accessit
352 2393 630 2473 utroqueoxercitus
641 2393 733 2453 missi.
751 2390 1047 2471 SulpicioSamnltes,
1110 2458 1115 2469 Ι

54 2475 167 2556 tripuli
181 2475 304 2539 Aemilio
320 2483 400 2536 sorte
416 2484 588 2538 evenerunt.
618 2483 687 2538 sunt
708 2477 759 2555 qni
776 2493 836 2537 non
857 2476 930 2554 ipsis
942 2472 1047 2551 Apulis

83 2561 193 2622 bellum
208 2560 349 2629 inlatum,
365 2560 417 2621 sed
432 2561 530 2622 socios
545 2562 608 2623 eius
628 2562 726 2640 gentis
738 2558 863 2640 populos
877 2557 916 2619 ab
928 2557 1044 2618 Samni-
1109 2582 1115 2593 ·

55 2648 156 2705 etium
172 2647 199 2705 vi
214 2654 300 2726 atque
316 2646 432 2706 iniuriis
448 2645 585 2707 defensos
605 2645 745 2707 scribant.
776 2650 908 2705 ceterum
925 2641 1045 2703 lurtum

85 2729 275 2797 Samnitium,
297 2730 345 2790 vix
359 2747 376 2788 a
390 2747 424 2788 se
437 2729 510 2805 ipsis
526 2748 561 2791 eo
577 2738 713 2808 tempore
732 2726 968 2808 propulsantium
982 2722 1043 2785 hel·

81 2810 158 2881 lum,
177 2812 299 2888 propius
318 2819 351 2871 ut
365 2813 403 2871 slt
415 2828 486 2871 vero
501 2811 585 2882 lacit,
609 2831 670 2873 non
688 2811 790 2893 Apulis
809 2811 845 2873 ab
862 2808 1044 2872 Samnitibus

83 2910 164 2956 arma
178 2893 284 2965 inlata,
302 2895 354 2955 sed
374 2912 441 2955 cum
456 2902 581 2976 utroquo
598 2897 685 2959 simul
708 2905 795 2976 gente
809 2894 921 2956 bellum
935 2894 1043 2953 Romo·
1109 2910 1112 2919 ·

53 2981 127 3041 onis
149 2977 248 3039 luisse.
293 2996 349 3038 uec
367 2983 467 3040 tamen
487 2997 536 3044 res
557 2980 617 3043 ulla
644 2978 844 3043 memorabilis
865 2983 945 3038 acta:
974 2993 1043 3054 aper
1110 3024 1115 3033 .

81 3062 192 3145 Apulus
213 3063 423 3144 Samniumque
442 3072 618 3136 erastctum,
641 3065 742 3126 hostes
765 3081 820 3126 nec
841 3063 891 3122 hic
911 3078 968 3121 nec
983 3058 1044 3120 illic

81 3150 201 3210 inventi.
213 3182 256 3194 -
267 3147 378 3210 Romae
392 3156 555 3210 nocturnus
565 3157 664 3211 terror
677 3152 717 3210 ita
730 3167 766 3209 cx
776 3163 881 3208 somno
896 3143 1042 3224 trepidam

82 3240 205 3309 repente
220 3234 366 3294 civitatem
378 3234 497 3305 exolvit,
516 3242 549 3294 ut
560 3233 734 3314 Capitolium
746 3239 834 3311 atque
845 3247 898 3291 arx
911 3229 1042 3290 moenie·

54 3323 139 3394 ique
157 3324 187 3373 et
201 3325 304 3392 portae
326 3315 414 3398 plena
434 3324 615 3379 armatorum
636 3317 755 3378 luerint.
783 3322 812 3375 et
827 3331 895 3375 num
917 3328 1042 3373 concur·

84 3404 179 3458 satum
194 3395 409 3480 clamatumque
428 3401 465 3462 ad
490 3420 572 3465 arma
589 3401 727 3464 omnibus
743 3398 815 3458 locis
831 3403 923 3467 esset,
946 3397 1042 3477 prima

82 3478 149 3542 loce
166 3495 222 3538 nec
237 3488 339 3540 auctor
354 3501 410 3543 nec
425 3503 512 3548 causa
530 3486 653 3547 terroris
669 3484 832 3564 conparuit.
