2350 3922
256 226 351 270 11111
363 220 454 270 nm.
466 224 536 270 on.
549 214 592 269 11.
609 216 651 269 aa.
666 207 705 289 [a.
723 209 832 274 11111.
849 207 911 290 215]
1004 217 1062 278 351
1171 208 1172 211 ‘

106 378 261 447 volebant,
276 377 410 437 fremitus
427 377 458 436 in
474 377 555 437 curia
567 385 657 437 ortus.
689 376 767 455 quod
781 377 831 437 ubi
845 379 937 438 sensit
951 378 1094 447 consults

1 487 3 494 <
105 512 125 534 „
136 469 320 541 utrumque“
334 461 429 539 iuquit
450 479 491 531 „o
510 459 674 538 republica
689 460 757 530 luit,
780 470 879 540 patres
894 465 1060 541 conscripti,

106 555 138 608 et
153 547 190 607 ll.
208 545 358 607 Claudium
380 544 416 604 ad
431 544 641 624 permutandos
660 546 805 606 exercitus
826 547 855 604 in
875 546 1062 624 Campaniam

105 630 272 708 proficisci,
288 636 317 689 11
336 629 454 688 comitia
490 646 528 688 on
561 630 622 689 rius
637 629 728 699 edici,
772 647 838 690 uam
858 631 883 688 is
901 630 971 688 inde
993 648 1061 690 con·

104 715 136 775 ie
245 713 303 774 uod
325 712 494 772 mandatnm
521 719 579 781 est,
608 731 646 772 ne
667 721 725 772 otro
751 714 934 782 revertisset,
957 722 1061 777 utros

105 796 260 860 consulem
336 812 381 854 em
401 803 461 857 tem
482 814 516 856 us
541 814 585 856 rer
627 816 645 856 u
679 814 741 857 roae

104 883 217 942 maim
257 880 341 942 voltis
370 877 500 939 bbere'
519 888 548 940 .“
584 881 624 943 ita
643 881 679 940 de
696 881 836 951 comitiis,
864 880 958 942 donec
975 866 1113 942 rediit9''
1171 892 1172 895 ’

104 951 277 1033 Marcellus,
301 914 451 1054 si‘um
472 964 536 1026 luit.
576 966 689 1026 interca
715 964 864 1026 duumviri
879 966 974 1026 creati
994 974 1065 1027 sunt

106 1049 144 1121 Q.
159 1047 268 1110 Fabius
288 1048 435 1109 blaximus
445 1058 476 1108 et
488 1049 523 1108 Τ.
540 1047 681 1111 Otacilins
689 1050 815 1119 Crassus
836 1048 960 1109 aedibus
980 1049 1063 1129 dedi·

104 1132 223 1203 caudis,
237 1132 328 1194 Menti
340 1131 493 1201 Otacilius,
512 1133 618 1194 Fabius
636 1135 741 1194 Veneri
759 1132 919 1201 Erucinae:
937 1142 1062 1213 utraque

102 1219 138 1277 lu
160 1216 301 1296 Capitolio
323 1224 380 1285 est,
408 1216 502 1276 canali
523 1234 581 1276 uno
610 1218 762 1278 discretae.
802 1225 831 1279 11
858 1217 894 1278 de
920 1220 1059 1279 trecentis
1072 1226 1106 1276 10

104 1299 255 1379 equitibus
267 1300 437 1378 Campanis,
456 1301 548 1379 quiin
560 1299 658 1360 Sicilia
670 1301 804 1362 oumfide
816 1301 970 1379 stipendiis
982 1320 1059 1362 eme·

103 1384 171 1445 ritis
183 1384 305 1445 Romam
317 1389 468 1454 venerant,
480 1382 569 1443 latum
586 1383 622 1442 ad
634 1383 783 1462 populum,
802 1393 834 1445 11
849 1386 926 1445 cives
936 1385 1061 1446 Romani

104 1475 220 1536 essent;
244 1470 315 1528 item
331 1468 375 1528 uti
397 1468 559 1545 municipes
575 1466 698 1528 Cumani
713 1475 811 1527 essent
836 1466 945 1545 pridie,
972 1488 1058 1547 quarn

102 1551 232 1632 populus
242 1552 407 1630 Campanus
425 1569 441 1610 a
456 1548 565 1629 populo
581 1550 714 1612 Romano
729 1550 892 1612 deiecisset.
923 1554 1059 1620 maxime,
1071 1560 1100 1609 11

102 1644 139 1697 11
149 1636 206 1696 boc
218 1635 364 1705 ferretur,
381 1643 525 1703 moverat,
542 1634 635 1713 quod,
652 1652 777 1713 quorum
789 1634 942 1694 bominum
953 1638 1059 1705 essent,

101 1718 183 1779 scire
197 1737 229 1778 se
243 1719 300 1798 ipsi
318 1719 479 1796 negabant,
503 1726 600 1779 vetere
622 1720 717 1796 patria
739 1716 856 1784 relicta,
880 1720 910 1777 in
934 1736 1013 1787 eam,
1029 1721 1060 1778 in
1171 1754 1172 1777 r

101 1821 193 1882 quam
208 1803 370 1871 redierant,
386 1802 517 1863 nondum
532 1800 643 1862 adsciti.
679 1809 833 1882 postquam
849 1801 1004 1862 Marcellus
1021 1801 1057 1862 ab
1071 1810 1103 1859 12
1171 1830 1172 1853 1

102 1887 236 1947 exercitu
254 1887 344 1957 redit,
364 1887 480 1946 comitia
502 1885 615 1945 consuli
636 1888 689 1947 uni
708 1884 894 1965 subrogando
910 1889 940 1949 in
960 1886 1058 1948 locum

102 1971 136 2030 L.
145 1969 288 2031 Postumii
300 1969 466 2030 edicuntur.
483 1977 598 2030 creatur
609 1971 723 2049 ingenti
734 1984 880 2032 consensu
890 1971 1054 2039 Marcellus,
1069 1976 1103 2028 13

102 2054 156 2133 qui
170 2053 316 2133 extemplo
329 2056 500 2132 magistrum
512 2055 670 2134 occiperet.
694 2055 741 2115 cui
750 2056 864 2116 ineunti
876 2055 1058 2115 consulatum
1171 2060 1172 2125 j

102 2154 172 2199 cum
198 2139 356 2206 tonuisset,
383 2140 477 2198 vocati
503 2155 629 2216 augures
649 2140 718 2198 vitio
734 2146 865 2201 creatum
882 2138 974 2197 rideri
989 2156 1058 2215 pro·
1171 2132 1172 2137 ’

102 2221 326 2290 nuntiaverunt;
344 2219 485 2300 volgoque
496 2230 595 2299 patres
606 2225 646 2280 ita
658 2221 735 2282 lama
748 2219 892 2289 ferebant,
905 2220 983 2298 quod
997 2229 1058 2280 tum

101 2305 233 2384 primum
254 2305 312 2365 duo
332 2301 430 2383 plebei
447 2303 591 2363 consules
613 2303 682 2363 iacti
706 2311 818 2372 essent,
841 2303 871 2363 id
894 2302 957 2378 dcis
978 2303 1059 2363 cordi
1171 2380 1172 2383 Ἴ

102 2405 164 2448 non
182 2406 254 2449 esse.
283 2387 425 2448 inlocum
439 2385 584 2453 Marcelli.
601 2385 653 2446 ubi
668 2388 693 2446 is
708 2405 742 2446 se
753 2387 925 2463 magistratu
940 2385 1102 2447 abdica-14
1171 2420 1172 2425 .

51 2510 53 2514 ,
101 2474 158 2542 rit,
176 2472 313 2532 suffectus
330 2471 365 2542 Q.
384 2469 493 2531 Fabius
507 2470 649 2530 Maximus
665 2471 793 2530 tertium.
1171 2486 1172 2547 j

167 2555 247 2616 ldare
270 2556 342 2616 arsit
362 2572 397 2614 eo
419 2572 510 2623 anno;
529 2554 566 2613 ad
590 2554 758 2614 Sinuessam
779 2554 834 2613 bos
855 2552 988 2613 eculeum
1002 2572 1054 2632 pe·
1067 2562 1099 2612 15

102 2640 195 2718 perit:
215 2640 297 2717 signa
313 2639 423 2699 Lanuvi
437 2638 474 2698 ad
484 2636 604 2697 lunonis
619 2636 751 2715 Sospitae
766 2654 874 2698 cruore
892 2654 1057 2706 manavere,

102 2721 308 2802 lapidibusque
330 2723 409 2782 circa
431 2721 460 2780 id
482 2720 624 2801 templum
644 2720 728 2800 pluit.
768 2720 805 2780 ob
826 2738 914 2799 quem
931 2719 1058 2780 imbrem

102 2806 299 2876 novemdiale,
321 2815 354 2867 11
376 2803 502 2874 adsolet,
524 2822 639 2864 sacrum
661 2804 732 2874 fuit,
755 2812 910 2883 ceteraque
925 2804 1058 2882 prodigia

102 2908 171 2951 curn
187 2908 257 2950 cura
273 2892 395 2971 expiata.

166 2972 280 3034 xxxii.
308 2972 448 3035 Consules
463 2991 516 3034 ere
534 2973 609 3034 citus
623 2974 700 3032 inter
716 2989 780 3031 sese
802 2972 970 3033 diviserunt.
1000 2970 1055 3031 Fa·
1069 2979 1081 3026 1

101 3057 153 3119 blo
173 3058 320 3119 exercitus
341 3047 449 3126 'l'eanr,
474 3057 522 3117 oui
543 3056 581 3117 Μ.
605 3043 703 3116 lunius
731 3041 854 3115 dictator
879 3054 1056 3135 praefuerat,
1171 3126 1172 3135 ἵ

101 3141 216 3209 evenit,
232 3140 407 3220 Sempronio
423 3139 557 3212 volones,
575 3141 625 3218 qui
638 3139 679 3199 ibi
695 3147 792 3207 eram,
811 3149 840 3199 11
854 3140 999 3198 sociorum
1018 3138 1057 3196 ri·
1171 3202 1172 3205 Ἴ

101 3225 176 3302 giuti
191 3225 320 3302 quinque
336 3223 430 3291 milia;
446 3222 483 3282 M.
500 3220 616 3283 Valerio
631 3224 763 3301 praetorl
777 3220 917 3300 legiones,
933 3237 1007 3299 quae
1022 3229 1085 3280 1111
1171 3242 1172 3247 ’

101 3307 203 3369 Sicilia
224 3308 383 3377 redissent,
406 3306 542 3367 decretae
549 3326 557 3376 3
583 3304 781 3368 M.·Claudius
802 3322 856 3383 pro
879 3303 998 3367 consule
1020 3304 1056 3364 ad

67 3448 69 3453 .
102 3409 171 3451 eum
188 3393 365 3461 exercitum,
388 3391 438 3469 qui
461 3407 548 3468 supra
564 3389 732 3450 Suessulam
749 3386 840 3450 Nolae
864 3388 1055 3468 praesideret,

101 3475 395 3554 missus;,praetores
407 3476 438 3533 in
458 3473 584 3534 Siciliam
601 3491 636 3534 ao
650 3472 814 3535 Sardiniam
828 3473 962 3553 proiecti.
986 3488 1055 3531 con·
1068 3478 1084 3530 3
