2280 3926
268 227 360 268 ranan
374 229 404 268 x.
418 226 487 268 cnr.
502 213 543 267 te.
562 204 601 287 [e.
620 209 654 269 Ο.
670 206 732 289 296]
923 214 983 275 167

57 370 219 512 neuun
227 370 338 450 drto
348 376 453 437 noxiae
463 374 539 435 fore.
563 392 598 435 eo
609 392 674 435 rem
684 372 849 445 adductam,
861 381 895 437 ut
905 375 1015 435 omnis

56 469 90 512 rer
117 471 166 514 ene
178 463 225 517 aut
242 475 325 519 secus
339 464 438 536 gestae
451 476 483 518 sn
497 458 615 519 Etruria
635 457 726 519 decus
741 458 925 539 dedecusque
948 458 984 520 sd

11 546 14 629 f
55 534 82 594 L.
90 534 260 602 Volumnium
271 542 308 603 sit
319 541 494 621 delegatum.
521 544 672 603 nerninem
682 543 897 620 quaesiturum,
910 562 991 622 quae.

11 650 13 671 ;
54 618 124 682 rerba
136 622 221 701 lppi,
237 626 288 686 sed
303 644 378 705 quae
393 627 510 687 fortuna
527 627 673 688 exercitus
688 626 786 687 fuerit.
831 626 936 686 dimitti
950 626 985 686 ab
1000 634 1016 683 4

11 722 13 781 ξ
54 703 128 782 Appio
142 724 218 778 eum,
241 709 325 770 seda
346 728 380 770 re
396 708 513 790 publica
529 717 559 770 et
576 709 612 770 ab
629 710 760 770 exercitu
775 710 913 778 retineri;
936 728 985 769 ex·

52 789 178 864 periretur
196 792 282 854 modo
303 793 483 855 voluntatem
501 793 637 855 militum.
680 794 754 854 baec
767 792 916 854 monendo
933 791 1013 852 obs

11 894 23 943 ;.
52 873 220 956 testandoque
239 895 332 957 prope
347 877 515 940 restitantes
529 877 664 938 consules
683 878 897 938 incentionem
918 894 986 957 per·

11 998 13 1037 2
51 960 190 1019 buerunt.
209 959 251 1022 ibi
261 963 410 1023 orationes
421 960 570 1040 longiores
581 960 699 1022 habitae
708 963 740 1021 in
751 961 876 1023 eandem
891 959 986 1021 terme

11 1044 13 1097 ἱ
51 1044 216 1115 euenum,
231 1047 263 1107 in
276 1064 364 1125 quam
379 1047 458 1106 inter
474 1064 584 1125 paucos
602 1052 747 1106 certatum
761 1044 859 1106 verbis
881 1043 986 1105 luerat.

52 1128 142 1187 etcum
156 1126 340 1201 Volumnius,
357 1148 445 1191 causa
458 1132 608 1210 superior,
624 1147 663 1190 ne
680 1129 854 1191 infacundus
869 1127 1017 1208 quidemd

52 1205 167 1272 alveum
183 1215 319 1275 eximiam
334 1213 531 1293 eloquentiam
547 1213 677 1292 collegae
693 1214 770 1276 risus
785 1220 877 1284 esset,
898 1210 1014 1274 curii-t

11 1344 14 1369 ,
51 1285 151 1371 lausque
164 1297 275 1376 Appius
289 1297 345 1360 sibi
356 1305 509 1377 acceptum
520 1298 634 1358 referre
646 1298 757 1358 diceret
768 1297 891 1368 debere,
909 1295 988 1376 quod

12 1446 13 1449 Ἴ
51 1389 79 1434 ex
96 1385 170 1440 muto
189 1388 277 1461 atque
299 1380 409 1460 elingui
431 1381 591 1443 facundum
614 1381 702 1442 etiam
723 1378 874 1442 consulem
896 1379 987 1440 babe-

11 1516 13 1523 ,
51 1466 115 1530 tebit
128 1466 227 1542 priore
237 1464 392 1526 consulatu
402 1466 507 1546 primis
517 1466 618 1544 utique
627 1462 779 1524 mensibus
790 1462 907 1523 hiscere
921 1481 989 1523 eum

11 1574 13 1611 t
50 1546 180 1623 neuim,
212 1567 293 1611 nunc
312 1552 370 1610 iarn
391 1547 542 1629 popularis
563 1548 712 1609 orationes
728 1563 843 1606 serere:
875 1553 1019 1639 ,ΜΝ

11 1752 13 1755 -
49 1712 592 1861 &Quot-delusus
621 1721 771 1794 postremo
783 1712 987 1774 condicionem

10 1840 12 1881 ἔ
46 1791 122 1868 ferre,
139 1819 213 1879 quae
251 1812 387 1862 ecretura
408 1802 461 1870 sit,
483 1818 542 1862 non
564 1808 721 1860 orator—
737 1815 834 1877 neque
858 1798 938 1858 enim
959 1795 989 1855 id

45 1875 193 1945 desiderare
204 1903 275 1947 rem
286 1884 565 1964 publicam-‚sed
576 1885 736 1961 imperator
747 1890 814 1943 uter
825 1883 865 1943 sit
874 1881 988 1942 melior.

10 1970 12 1973 ’
45 1954 171 2042 lturism
187 1976 218 2030 et
239 1970 390 2030 Samnium
411 1970 578 2048 provincias
595 1985 674 2037 esse,
695 1973 792 2028 utram
813 1963 914 2028 mallet
937 1964 1017 2025 eli-9

46 2056 126 2121 geret:
146 2069 197 2114 suo
214 2053 351 2114 exercitu
366 2071 399 2113 se
413 2050 460 2113 rel
483 2054 515 2112 in
528 2052 647 2113 Etruria
668 2049 712 2111 vel
732 2052 765 2111 in
782 2049 902 2112 Samnio
926 2066 990 2108 rem

44 2139 186 2203 gesturum,
213 2146 284 2199 tum
298 2135 424 2197 militum
438 2136 550 2196 clamor
565 2142 662 2204 ortus,
677 2141 711 2195 ut
727 2133 813 2195 simul
825 2130 912 2194 ambo
927 2129 1034 2191 bel-10

44 2208 93 2277 lun
110 2218 267 2283 Etruscum
292 2221 485 2299 susciperent.
537 2237 595 2298 quo
620 2217 823 2279 animadverso
845 2222 1031 2276 consensuri

44 2293 212 2391 l⁰¹¹¹¹1¹¹¹¹¹1⁵=
227 2297 991 2444 »QQQ“

43 2386 149 2462 lnquit„
190 2409 207 2450 r
247 2390 254 2405 '
285 2405 345 2448 non
354 2390 535 2450 committam
561 2393 595 2447 ut
661 2386 669 2400 ”
702 2385 818 2445 rosre'

41 2478 98 2529 rum
106 2473 157 2533 sit:
174 2490 298 2548 manere
316 2490 385 2533 ona
407 2489 451 2532 1re
461 2489 510 2532 me
523 2487 558 2530 re
571 2471 632 2539 tis,
655 2485 784 2529 camare
800 2467 992 2545 si'ficaw

42 2555 52 2605 l
162 2563 303 2619 otsntus
324 2563 369 2617 est
388 2554 500 2615 clamor
518 2560 652 2620 exortus,
674 2558 708 2611 ut
748 2557 827 2610 ostes
848 2568 866 2611 e
887 2550 991 2609 castris
1003 2556 1035 2605 12

42 2636 148 2699 exciret.
180 2641 273 2703 armis
294 2640 420 2719 arreptis
441 2639 472 2698 in
494 2637 588 2698 aciem
606 2632 799 2695 descendunt.
830 2639 860 2694 et
873 2629 991 2693 Volum-

41 2718 98 2779 nius
107 2725 190 2801 signa
206 2741 315 2784 canere
330 2741 365 2784 ac
381 2720 487 2783 vexilla
500 2719 601 2781 efferri
614 2718 718 2779 eastris
737 2717 830 2778 iussit.
864 2715 1035 2794 Appium13

43 2800 218 2869 addubitasse
232 2808 332 2868 lerunt
347 2813 519 2869 cernentem
533 2821 586 2866 seu
603 2809 755 2884 pugnante
769 2818 823 2862 seu
838 2801 938 2882 quieto
959 2817 992 2859 se

39 2880 96 2946 lore
112 2889 243 2970 collegae
257 2892 423 2962 victoriam3
445 2889 552 2950 deinde
571 2889 712 2959 veritum,
734 2904 773 2947 ne
788 2903 858 2949 suae
875 2902 992 2965 quoque

42 2963 163 3045 legiones
179 2973 369 3038 Volumnium
392 2982 602 3054 sequerentur,
624 2980 655 3033 et
674 2973 771 3051 ipsum
793 2967 993 3049 flagitantibus

38 3053 93 3113 suis
110 3059 229 3136 signum
246 3058 371 3120 dedisse.
405 3058 442 3119 ab
458 3064 563 3118 neutra
580 3062 665 3136 parte
686 3055 756 3116 satis
771 3051 925 3115 commode
944 3052 989 3110 in·
1002 3055 1035 3105 14

39 3140 136 3200 structi
156 3142 286 3205 luerunt.
319 3159 388 3203 nam
407 3149 437 3203 et
452 3142 626 3202 Samnitium
648 3137 708 3198 dux
725 3136 835 3198 Gellius
851 3134 992 3211 Egnatlus

38 3220 203 3294 pabulatum
230 3245 298 3288 cum
323 3224 494 3287 cohortibus
518 3225 621 3303 paucis
644 3220 720 3282 ierat
743 3237 856 3300 suoqne
879 3218 992 3297 impetu

38 3307 126 3382 magis
139 3307 247 3373 milites
263 3327 352 3391 quam
367 3312 539 3389 cuinsquam
555 3308 643 3368 ductu
659 3311 709 3365 aut
723 3303 849 3382 imperio
862 3316 992 3381 pugnarn

40 3391 238 3465 capessebant,
254 3401 285 3456 et
300 3394 427 3456 Romani
441 3394 587 3453 exercitus
601 3406 656 3451 nec
670 3389 781 3469 pariter
795 3385 883 3449 ambo
899 3384 988 3455 ducti,
1002 3390 1034 3441 15

39 3482 90 3531 uec
109 3477 182 3534 satis
198 3479 340 3561 temporis
354 3478 391 3540 ad
410 3476 615 3539 instruendum
638 3474 701 3535 luit.
739 3474 822 3554 prius
841 3470 992 3533 concurrit
