2280 3926
136 204 197 265 170
369 216 462 300 niusa
476 217 506 256 x.
522 215 592 257 oar.
608 204 650 255 21.
668 191 708 275 [a.
723 216 754 260 u
770 216 795 255 e.
812 189 872 276 458]

107 377 124 424 a
136 367 247 427 Romae
262 362 454 441 praebuerat:
478 368 509 423 et
522 380 576 442 per
590 379 641 423 eos
661 362 738 422 forte
753 361 816 422 dies
830 378 870 422 ex*
879 357 987 422 Etruria
999 356 1064 418 edla·

135 459 197 511 tum
220 453 284 508 erat
311 452 379 526 post
404 445 561 507 deductum
591 446 661 507 inde
683 446 905 507 Volumnianum
927 443 1065 521 exercitum

136 533 284 594 Etruriam
300 532 445 591 concitam
461 531 494 589 in
508 547 590 590 arma
603 537 634 591 et
648 527 775 591 Gellium
792 529 957 606 Egnatium,
971 524 1065 588 Samni·

136 618 209 676 tium
224 614 344 686 ducem,
367 621 398 675 et
409 612 536 675 Umbros
551 614 587 673 ad
603 613 800 674 deiectionem
813 613 924 682 uocari,
947 616 974 671 et
987 607 1067 670 Gallos

108 708 125 760 3
134 700 231 779 pretio
254 699 372 777 ingenti
388 695 549 757 sollicitari.
585 699 632 758 his
652 699 764 758 nuntiis
780 703 898 758 senatus
912 694 1066 756 conterritus

135 785 278 846 iustitium
293 782 398 852 iudici,
421 778 560 842 dilectum
579 783 674 842 omnis
689 782 807 860 generis
823 780 972 841 bominum
984 774 1068 836 haberi

107 869 229 929 tinnit
259 884 316 926 nec
335 866 456 943 ingenui
470 864 558 926 modo
574 872 624 927 aut
644 867 775 927 iuniores
790 869 970 926 sacramento
982 859 1066 927 adacti

137 951 188 1012 sed
204 952 352 1011 seniorum
369 951 456 1009 etlam
469 950 606 1011 cohortes
620 949 714 1012 laone
728 948 916 1029 libertinique
928 942 1068 1008 centuriati

137 1042 167 1095 et
194 1032 395 1094 defendendae
420 1031 503 1093 urbis
531 1032 652 1094 consilia
677 1032 878 1110 agitabantur,
905 1042 1069 1106 summaeque

107 1127 236 1178 ererum
257 1123 378 1194 praetor
395 1115 429 1177 P.
449 1116 640 1196 Sempronius
663 1124 807 1195 praeerat.
858 1123 987 1177 ceterum
1004 1115 1069 1191 parit

137 1218 227 1262 curae
241 1206 440 1260 exonerarunt
454 1208 588 1262 senatum
602 1200 636 1261 t.
651 1200 800 1261 Volumnii
820 1198 949 1261 consulis
968 1197 1069 1261 utone

135 1283 244 1363 qadbru
254 1300 356 1343 caesos
377 1282 516 1363 fusosque
536 1283 726 1364 populatores
746 1284 923 1363 Campaniae
946 1280 1069 1360 cognitura

108 1374 191 1428 sest.
219 1369 319 1446 itaque
330 1374 361 1427 et
375 1367 603 1447 supplicationes
614 1368 652 1429 ob
667 1385 732 1429 rem
746 1366 825 1428 bene
841 1376 952 1447 gestam
967 1359 1071 1426 consulis

137 1452 259 1513 nornine
281 1451 462 1522 decernunt,
490 1458 520 1512 et
540 1453 682 1514 iustitium
704 1451 880 1524 remittitur,
904 1448 981 1530 quod
996 1447 1072 1508 luent

110 1534 201 1597 ⁷dies
216 1548 320 1605 xvln,
335 1535 568 1616 supplicatioque
581 1534 712 1616 perlaeta
725 1534 790 1595 init.
822 1542 888 1597 tum
898 1534 935 1595 de
949 1526 1072 1614 praesidio

136 1621 266 1698 regionis
282 1619 476 1699 depopulatae
490 1619 527 1680 ab
541 1617 722 1681 Samnitibus
737 1619 843 1697 agitari
859 1626 1002 1698 coeptum.
1032 1614 1073 1673 ia·

131 1720 195 1782 ,que
208 1701 333 1781 placuit,
350 1710 384 1763 ut
397 1702 473 1764 dnae
487 1701 619 1764 coloniae
632 1704 712 1763 circa
721 1701 883 1766 Vescinum
898 1710 928 1764 et
940 1697 1073 1764 Falernum

110 1793 128 1842 8
139 1803 241 1862 agrurn
254 1785 484 1853 deducerentur,
496 1803 555 1846 nna
566 1787 603 1847 ad
614 1788 723 1848 ostium
733 1786 811 1847 Liris
821 1785 923 1867 fluvii,
933 1802 1003 1866 qnae
1012 1780 1074 1843 lien·

135 1873 242 1927 tornae
265 1865 426 1947 appellata,
448 1867 540 1929 altera
560 1871 592 1930 in
615 1869 692 1931 saltn
703 1871 828 1930 Vescino
847 1869 1004 1932 Falernum
1021 1879 1074 1925 oon·

135 1950 268 2027 tingente
289 1967 408 2026 agrum,
434 1951 485 2013 nbi
506 1952 617 2032 Sinope
642 1953 750 2015 dicitnr
770 1954 886 2018 Graeca
900 1954 970 2016 urbs
995 1950 1073 2012 inisse,

107 2033 274 2094 tlSiunessa
294 2031 401 2092 deinde
420 2033 457 2094 ab
481 2034 594 2097 colonis
615 2037 757 2098 Romanis
778 2038 935 2117 appellata.
966 2030 1075 2174 Q

770 2123 778 2136 '
832 2122 839 2137 ‘
980 2127 1037 2183 etur

585 2204 667 2220 ..
1051 2213 1074 2256 n,

110 2420 113 2427 .
137 2369 205 2444 quia
224 2369 256 2428 in
276 2370 434 2430 stationem
447 2388 480 2430 se
500 2387 594 2450 prope
613 2378 788 2452 perpetuam
809 2371 937 2436 infestae
958 2379 1073 2450 regtosslt

136 2467 196 2510 non
210 2451 242 2511 in
256 2469 344 2529 agros
357 2454 434 2513 mitti
447 2452 600 2516 rebantur.

95 2540 125 2592 11
201 2535 314 2597 Avertit
336 2535 373 2597 ab
399 2538 441 2599 eis
467 2540 546 2599 curis
571 2545 705 2601 senatum
730 2539 868 2601 Etruriae
894 2543 1076 2621 ingravescens

86 2673 92 2687 ,
136 2617 246 2679 bellurn
268 2625 297 2679 et
322 2620 446 2682 crebrae
470 2621 585 2684 litterae
603 2624 690 2702 Appii
712 2624 876 2695 monentis,
904 2643 944 2685 ne
968 2615 1075 2700 regiossii

78 2709 128 2759 :12
139 2702 202 2761 eius
215 2709 329 2762 motum
344 2703 548 2783 neglegerent:
572 2712 709 2786 quanuor
729 2715 833 2785 gentes
846 2707 985 2770 conferre
1004 2714 1074 2766 unt,

77 2794 83 2851 ξ
137 2783 277 2844 Etruscos
297 2784 444 2847 Samnites
464 2787 592 2850 Umbros
612 2789 726 2860 Gallos:
753 2791 810 2852 iam
840 2799 937 2866 casua
963 2786 1074 2853 bitanan

78 2920 82 2953 ἶ
137 2865 214 2926 iacta
235 2882 315 2937 esse,
337 2870 405 2947 quia
421 2887 498 2930 unns
510 2870 605 2932 -loons
623 2891 730 2951 rapere
748 2881 861 2938 mntem
879 2871 1074 2937 multitudinem

81 2955 127 3017 213
139 2964 200 3010 non
215 2950 318 3028 possit
347 2950 385 3012 ob
399 2951 473 3012 haec
487 2959 517 3014 et
527 2986 569 2999 —-
579 2956 636 3016 iam
652 2956 809 3036 adpetebat
822 2967 939 3039 tempus
950 2989 992 3005 -
1004 2946 1074 3014 ttffll'

73 3016 92 3139 j
135 3036 247 3096 tiorum
264 3051 352 3096 causa
371 3033 404 3097 L.
419 3033 591 3100 Volumnius
604 3039 707 3101 consati
722 3042 846 3103 Romam
860 3048 1024 3107 revocatus,
1039 3028 1075 3112 qui
1122 3096 1124 3113 .

136 3111 1075 3199 prinsquamadsuffraginmoentnriasvocaretincontionemtd·

137 3209 239 3261 vocato
252 3200 361 3280 populo
372 3202 464 3266 multa
475 3205 512 3265 de
523 3207 724 3285 magnitudine
734 3207 805 3270 belli
814 3210 931 3271 Etrusci
942 3199 1074 3268 dmsutlb
1122 3210 1124 3221 “

98 3286 130 3335 14
140 3282 198 3374 iam
212 3291 289 3351 tum,
310 3303 379 3348 curu
397 3289 461 3365 ipse
481 3287 522 3349 ibi
537 3307 604 3351 cnm
621 3289 734 3370 collega
750 3310 816 3355 rem
829 3294 941 3373 pariter
962 3282 1074 3374 gessttt'b
1123 3298 1124 3307 ’

138 3360 351 3457 luissetantum
367 3368 492 3442 bellum,
513 3380 547 3433 nt
566 3391 622 3434 nec
637 3373 711 3437 duce
729 3394 789 3438 uno
812 3375 1007 3438 neeexercitn
1026 3377 1075 3446 80¹¹

137 3447 282 3517 potuertt3
297 3454 456 3512 accessisse
470 3464 572 3535 postea
586 3456 644 3518 dici
659 3457 786 3521 Umbros
803 3468 834 3522 et
846 3462 993 3538 ingentem
1007 3463 1076 3514 extr·
