2290 3920
139 220 201 283 246
318 234 489 275 emnem.
505 234 573 276 ean.
589 220 631 275 49.
647 212 904 297 capemenas]
1034 178 1040 183 α

97 389 115 441 a
140 384 343 445 adventantem
363 378 492 441 hostium
517 379 642 442 classem
661 382 752 443 missi.
783 383 896 461 itaquo,
918 400 1075 462 quamquam
1124 382 1125 465 l

140 466 177 527 de
193 465 338 526 industria
353 466 460 526 morati
474 482 594 525 cursum
608 466 724 529 narium
735 473 820 527 erant
830 466 1074 544 Carthaginienses,
1124 468 1125 543 l

139 556 173 610 ιιι
186 555 255 610 ante
268 548 366 610 lucem
389 547 565 609 accederent
581 547 764 626 Lilybaeum,
785 566 973 628 praesensum
991 557 1076 611 tamen
1124 600 1125 605 ,

140 639 198 702 ιιι,
213 634 280 712 quia
292 639 323 693 et
338 631 407 694 luna
416 649 529 713 pernox
540 640 605 692 erat
615 639 645 692 et
664 631 786 696 sublatis
799 633 985 695 armamentis
992 635 1076 695 sanie·

99 722 132 776 10
142 715 227 778 bant:
261 715 408 796 extemplo
428 719 545 791 sunum
567 715 666 776 datum
682 733 719 777 ex
740 716 866 796 speculis
888 724 917 776 et
935 719 966 776 in
984 716 1076 797 oppido
1123 722 1125 739 ²

140 799 179 861 acl
192 817 274 862 arma
294 799 509 861 conclamatum
531 807 576 861 est
597 807 627 859 et
644 801 676 860 in
691 817 779 861 nares
794 818 998 870 conscensum
1022 817 1077 879 pars

140 883 267 946 militum
282 885 315 944 in
328 884 421 944 muris
434 891 646 962 portarumque
662 884 695 943 in
710 883 899 954 stationibus,
915 902 983 963 pars
995 885 1024 943 in
1036 901 1076 944 na·

99 972 130 1024 11
144 966 226 1028 sibus
241 973 335 1027 erant.
365 975 395 1026 et
408 966 679 1045 Carthaginienses,
698 969 845 1046 quierem
860 968 925 1029 lore
937 967 1012 1029 haurd
1023 984 1076 1028 cun

139 1051 282 1131 inparatis
290 1049 461 1120 cernebant,
478 1066 571 1128 usque
583 1049 621 1111 ad
632 1049 728 1111 lucem
739 1058 827 1129 portu
838 1069 871 1113 se
884 1050 1077 1118 abstinuerunt

141 1132 294 1194 demendis
315 1134 505 1193 armamentis
524 1151 559 1193 eo
571 1141 706 1214 tempore
721 1134 906 1215 aptandaque
917 1134 953 1196 ad
967 1150 1077 1214 pugnam

99 1223 132 1275 12
141 1214 234 1277 masse
248 1213 413 1294 absumpto.
437 1216 490 1276 ubi
502 1216 622 1288 inluxit,
643 1235 786 1297 recepere
802 1218 927 1282 classem
945 1220 976 1279 in
994 1217 1075 1284 altum

140 1306 173 1359 ιιι
186 1300 312 1379 spatium
327 1317 444 1378 pugnae
459 1307 551 1372 esset,
574 1304 744 1381 exitumque
764 1300 892 1364 llberum
911 1321 927 1363 e
943 1309 1024 1382 poros
1036 1317 1076 1361 na·

99 1390 131 1441 13
138 1400 188 1444 res
203 1384 330 1445 hostiurn
345 1382 499 1447 habereut.
536 1403 593 1446 nec
606 1386 732 1447 Romani
753 1384 955 1449 detrectavere
967 1399 1076 1465 pugnam

140 1474 171 1527 ιι
190 1470 333 1528 memoria
354 1470 433 1530 circa
455 1487 490 1531 ea
508 1471 572 1549 ipsa
594 1468 658 1530 loca
678 1477 829 1546 gestarum
859 1488 959 1531 rerum
978 1469 1040 1530 irati
1055 1473 1077 1526 ιι

113 1550 264 1613 lmilitum
276 1550 463 1613 multitudine
483 1570 518 1613 ac
536 1555 652 1614 virtute.
696 1555 730 1616 L.
760 1552 817 1615 Ubl
837 1555 870 1614 in
889 1554 981 1615 altum
1002 1551 1075 1612 erecti

140 1641 223 1704 sunt,
246 1635 397 1698 Romanus
419 1654 577 1697 conserere
597 1655 726 1715 pugnam
744 1644 825 1698 etex
838 1640 1003 1719 propinquo
1015 1635 1075 1695 sue

112 1718 277 1779 aeonlerre
290 1718 379 1788 velle:
397 1728 500 1782 contra
514 1720 634 1781 eludere
648 1721 765 1782 Poenus
778 1729 811 1781 ιι
824 1729 904 1794 arte,
919 1739 979 1784 non
992 1721 1076 1780 uren

141 1817 260 1877 gerere,
278 1804 453 1881 naviumque
468 1821 555 1882 quam
565 1805 921 1867 suorumautarmorum
931 1803 1075 1866 mallecer·
1124 1860 1126 1889 1

113 1890 238 1947 stamen
253 1884 362 1945 lacere⁴
393 1903 461 1947 nam
476 1895 509 1947 ιιι
525 1889 612 1947 sociis
626 1886 910 1951 navalibusadiatim
924 1891 1075 1951 instructam
1124 1892 1126 1945 ι

141 1964 280 2036 classem,
301 1968 341 2028 ita
363 1969 482 2047 inopem
498 1970 590 2030 milite
604 1970 767 2041 habebant,
789 1977 834 2042 et,
853 1972 949 2034 sieulri
963 1973 1075 2033 conserto
1124 2036 1125 2041 ,

139 2050 221 2118 naris
235 2057 326 2122 osset,
342 2051 566 2131 haudquaquam
582 2070 637 2132 par
651 2071 793 2116 numerus
813 2065 993 2118 umerorum
1010 2071 1040 2114 ex
1050 2065 1075 2110 aa

112 2132 297 2213 lpnguabat.
313 2134 749 2214 quodulsianimadversumest,
758 2139 937 2205 etilomanis
945 2133 1075 2201 mutuno

111 2222 191 2278 isus
204 2219 285 2280 auxit
294 2220 424 2284 animum
436 2221 675 2298 etpaueitasillls
686 2223 801 2283 minuit
825 2223 1074 2305 extemplosepten

140 2317 228 2363 nares
257 2302 386 2365 Punicae
418 2305 650 2377 circumventae;
677 2306 777 2384 fugam
800 2313 921 2370 ceterae
946 2306 1073 2386 copulat

139 2383 220 2444 mille
235 2393 265 2446 et
279 2388 457 2466 septingenti
470 2387 554 2449 luere
566 2390 597 2449 in
613 2388 734 2450 navibus
749 2392 842 2470 captis
856 2391 965 2453 milites
977 2392 1073 2451 ιιιιιιιι·

111 2472 212 2546 oque,
228 2470 259 2529 iu
271 2468 387 2531 histres
402 2470 516 2532 nobiles
525 2472 820 2551 Carthaginiensium.
849 2473 955 2536 classis
964 2473 1072 2536 noum

139 2551 294 2614 incolumis
310 2572 369 2615 una
383 2561 498 2620 tantum
517 2556 668 2634 perforata
680 2558 760 2628 navi,
782 2557 835 2619 sed
852 2575 887 2622 ea
902 2574 1013 2639 quoque
1026 2556 1072 2630 ’ψει

139 2634 264 2707 reduce,
279 2638 311 2697 in
325 2646 445 2717 portum
464 2639 560 2701 rediit.

111 2726 126 2775 7
202 2719 370 2781 Secundum
396 2722 473 2783 hanc
497 2741 640 2801 pugnarn,
671 2725 803 2789 'nondum
831 2729 932 2803 gnaris
955 2716 1071 2798 elusqi

139 2801 290 2863 Messanae
313 2811 410 2874 erant,
434 2806 478 2865 ri.
494 2807 688 2886 Sempronius
709 2809 811 2871 consul
824 2808 987 2872 Messanam
1003 2802 1070 2866 venit

110 2886 167 2945 uei
183 2884 294 2946 fretum
314 2886 437 2948 intranti
452 2905 506 2949 rex
525 2890 616 2951 lliero
636 2890 758 2954 classem
778 2902 926 2955 armatam
946 2897 1070 2953 ornatam·

139 2986 197 3049 que
211 2967 325 3031 obviam
340 2969 435 3040 duxit,
451 2978 710 3055 uamgressusque
725 2995 762 3038 ex
775 2978 902 3055 regiain
916 2971 1068 3057 praetoriam
1125 3008 1127 3027 ι

137 3069 255 3123 navem,
277 3052 438 3132 gratulatus
460 3058 601 3136 sospitem
620 3075 688 3120 cum
701 3062 833 3122 exercitu
848 3068 877 3121 et
898 3059 1012 3123 nauhus
1032 3047 1068 3112 sl·

138 3138 251 3197 venisse
278 3144 472 3219 precatusque
499 3159 676 3220 prosperum
700 3160 735 3204 ac
762 3143 879 3206 felicem
908 3146 939 3204 in
963 3135 1068 3202 Siciliam

109 3221 308 3292 alransitum,
325 3229 432 3284 statum
448 3224 557 3286 deinde
573 3225 687 3288 insulae
700 3233 730 3288 et
745 3227 1019 3307 Carthaginiensium
1031 3231 1068 3276 ιι
1126 3262 1127 3265 =

138 3307 206 3360 nala
229 3306 376 3381 exposuit,
407 3307 611 3388 pollicitusque
632 3318 691 3381 est,
714 3308 777 3392 [ut]
794 3330 854 3391 quo
877 3311 972 3372 animo
988 3303 1068 3387 prior⁰

139 3378 217 3474 pello
231 3387 372 3460 populum
383 3390 549 3453 Romanum
563 3394 675 3454 iuvenis
690 3393 859 3465 adiuvisset,
875 3413 910 3455 eo
924 3405 1017 3453 senem
1028 3378 1067 3443 al·

99 3467 283 3535 mmmmm,
303 3468 484 3535 frumentum
503 3477 732 3556 vestimentaque
753 3494 818 3539 sese
836 3475 994 3558 legionibus
1012 3479 1066 3528 ιιι·
