2290 3920
74 575 149 618 suum
186 583 190 610 ι
220 576 279 619 cur
310 567 326 628 ¹,
343 567 372 618 et
382 576 528 638 perlem
543 565 660 638 tempus
679 565 780 620 omae
792 577 907 637 signum
926 562 1065 621 cartem

13 698 14 701 ,
73 643 154 720 dppia
169 660 213 702 vua
231 661 265 704 ac
286 640 442 703 simulacra
463 641 599 721 luporum
616 643 747 713 sudasse,
769 649 798 703 et
819 644 933 720 Capuae
953 661 1020 723 spe·
1130 638 1132 711 ξ

13 794 15 797 ,
73 726 139 784 ciem
153 726 224 786 caeli
239 725 369 786 ardentis
387 725 477 786 luisse
488 725 634 804 lunaeque
648 727 726 787 inter
736 724 862 786 imbrem
879 726 1018 787 cadentis.
1131 742 1132 761 ³

13 826 15 839 ²
73 808 133 867 inde
148 808 313 870 minoribus
326 811 414 869 etiam
428 808 508 869 dictu
522 810 664 889 prodigiis
686 809 759 871 fides
780 809 892 871 habita:
916 828 1019 889 capras
1030 819 1063 872 13

13 912 14 915 “
72 888 172 954 lanatas
188 893 362 973 quibusdam
375 893 465 954 iactas
483 900 513 953 et
527 892 665 971 gallinam
675 896 706 953 in
721 911 849 962 marem,
866 891 974 972 gallum
988 895 1023 954 iu
1131 908 1132 913 ’

13 988 14 1029 1
74 973 202 1038 feminam
217 995 283 1038 sese
296 979 426 1038 vertisse.
452 977 506 1047 bis,
525 979 601 1038 sicut
615 987 699 1038 eraut
713 980 861 1049 mundata,
878 978 1017 1056 expositis
1029 985 1063 1036 14
1131 988 1132 995 ¹

13 1102 14 1107 η
73 1060 287 1140 auctoribusque
302 1062 333 1121 in
356 1062 467 1122 curiam
494 1060 670 1122 introductis
696 1061 798 1125 consul
814 1061 855 1122 'dc
876 1061 1020 1139 religione

13 1144 14 1225 j
72 1142 160 1220 patres
176 1144 331 1206 consuluit.
362 1144 527 1214 decretum,
551 1152 583 1205 ut
597 1163 631 1205 ea
651 1145 785 1224 prodigia
806 1147 913 1225 partim
927 1147 1062 1217 maio-ib
1131 1138 1132 1147 ’

13 1230 15 1241 ‘
72 1224 143 1287 tiburs
153 1228 264 1299 hostiis,
279 1230 387 1308 partim
403 1226 578 1289 lactentibus
593 1237 839 1307 procurarentur,
857 1231 939 1291 etuti
950 1247 1019 1309 sup·

13 1306 14 1309 ’
72 1307 177 1386 plicatio
188 1332 243 1393 per
253 1312 384 1373 triduum
396 1312 536 1373 adomma
548 1310 709 1391 puluinaria
720 1312 895 1382 baberetur;
909 1321 1016 1383 cetera,
1029 1317 1062 1371 16

13 1390 14 1393 ’
73 1410 130 1454 curn
145 1395 304 1457 membri
317 1394 409 1456 libros
422 1397 634 1474 inspexissent,
648 1398 731 1456 utita
745 1396 864 1466 fierent,
883 1414 969 1475 quem
982 1395 1019 1456 ad
1131 1416 1132 1467 j

72 1477 179 1540 modum
188 1480 271 1541 cordi
279 1497 343 1541 esse
351 1479 410 1540 diri
416 1480 476 1538 suis
483 1477 882 1558 carminibuspraelarentur.
899 1480 1060 1539 decem-17

72 1560 188 1623 morum
199 1564 314 1624 monitu
328 1562 479 1623 decretum
491 1569 548 1631 est,
567 1562 627 1622 lovi
641 1565 770 1640 primum
783 1562 893 1622 donum
907 1560 1020 1621 fulmen
1131 1560 1132 1621 Ῑ

13 1670 14 1673 ¹
72 1658 181 1706 aurorum
200 1647 301 1725 pondo
324 1647 534 1725 quinquaginta
562 1645 662 1716 fieret,
690 1646 795 1706 lunoni
814 1645 1020 1722 Mineruaeque
1131 1676 1132 1679 =

72 1742 101 1785 er
115 1739 234 1807 argento
252 1730 328 1791 dona
345 1730 501 1798 darentur.
523 1736 552 1791 et
571 1728 676 1790 lunoni
696 1730 817 1806 reginae
830 1730 862 1788 iu
875 1728 1019 1790 Aventino
1131 1752 1132 1759 ¹

71 1804 221 1893 iuuenique
232 1814 367 1893 Sospitae
373 1813 493 1874 Lanuvii
508 1812 670 1874 maioribus
680 1815 782 1874 bestiis
793 1813 1017 1882 sacrificaretur,

71 1902 271 1978 matronaeque
290 1898 415 1976 pecunia
437 1895 567 1965 conlata,
589 1906 729 1975 quantum
754 1896 892 1957 mnierre
914 1897 1043 1975 cuiquel
1131 1926 1132 1929 ¹

72 1980 246 2042 commodum
270 1988 362 2052 esset,
387 1979 495 2041 donum
521 1980 626 2040 lunoni
645 1983 766 2060 reginae
786 1983 819 2042 in
845 1980 1018 2041 dvenduum

71 2055 187 2133 terrent,
203 2064 476 2143 lectisterniumque
494 2065 592 2135 lieret,
615 2072 644 2125 et
660 2071 693 2126 ut
707 2064 864 2126 libertinae
881 2072 912 2123 et
927 2066 1018 2141 ipsae,

70 2143 139 2204 unde
152 2147 297 2209 Feroniae
312 2148 421 2209 donum
438 2148 573 2217 daretur,
591 2149 745 2227 pecuniam
761 2166 817 2226 pro
832 2145 1019 2207 facultatibus

70 2228 123 2288 suis
135 2231 314 2293 conferrent.
344 2231 417 2293 haec
427 2230 478 2291 ubi
492 2231 584 2302 facta,
599 2231 759 2292 decemviri
774 2230 888 2290 Ardeae
905 2231 936 2288 in
950 2228 1016 2288 toro
1028 2234 1041 2285 1

13 2348 15 2355 ν
70 2312 219 2376 maioribus
241 2317 346 2377 hostiis
370 2315 580 2376 sacrificarunt.
616 2321 764 2393 postremo
781 2311 938 2374 Decembri
958 2312 1033 2371 iam·
1131 2384 1132 2387 Ἴ

70 2405 161 2455 ruense
175 2400 210 2458 ad
227 2398 330 2460 aedem
343 2399 462 2460 Saturni
472 2397 584 2458 Romae
596 2395 779 2459 immolatum
794 2402 854 2466 est,
873 2394 1017 2457 lectister-

70 2475 198 2559 niumque
214 2485 393 2562 imperatum
414 2514 456 2526 -
481 2487 594 2541 etcum
616 2479 726 2541 lectum
741 2486 894 2539 senatores
908 2486 1018 2541 strare·
1110 2495 1112 2499 ·
1131 2518 1132 2543 r

71 2568 131 2621 runt
145 2575 230 2626 -et
244 2567 408 2627 coendum
424 2562 591 2643 publicum,
614 2580 647 2624 ac
662 2581 717 2642 per
730 2562 834 2622 urbem
852 2558 1017 2623 Saturnalia
1026 2567 1061 2619 20

72 2637 140 2705 dem
160 2665 194 2707 ae
213 2657 330 2710 noctem
350 2647 488 2713 clamata,
509 2646 694 2726 populusque
722 2664 789 2706 eum
811 2645 889 2705 diem
910 2645 1017 2705 testum

70 2718 171 2791 habere
184 2750 219 2792 ac
233 2750 351 2794 serrare
366 2734 398 2792 iu
416 2739 592 2811 perpetuum
602 2732 708 2791 iussus.
1131 2730 1132 2741 ¹

125 2810 159 2873 ll.
194 2812 273 2878 'uum
302 2814 403 2876 consul
433 2815 583 2894 placandis
610 2815 721 2876 Romae
746 2813 791 2876 dis
821 2811 1042 2892 babendoquei

73 2885 169 2982 ddectu
186 2898 234 2960 dat
249 2917 385 2980 operam,
401 2898 548 2960 Hannibal
560 2899 765 2979 proiectusex
777 2897 925 2967 bibernis,
947 2897 1015 2975 quia
1131 2962 1132 2967 η

73 2976 311 3045 reparamentum
326 2981 477 3043 consulem
493 2984 641 3043 Arretium
661 2983 830 3062 pervenisse
851 2981 928 3042 fama
944 2986 1015 3047 erat,
1131 3014 1132 3019 κ

73 3068 131 3117 tum
145 3061 221 3124 aliud
236 3065 367 3146 longius,
387 3072 520 3127 ceterum
534 3067 717 3127 commodius
731 3066 935 3127 ostenderetur
949 3064 1045 3129 iter‚2
1131 3066 1132 3111 ἐ

72 3145 228 3219 tremorem
246 3153 320 3212 riam
335 3167 390 3230 per
405 3149 543 3228 paludem
559 3152 646 3229 petit,
662 3167 720 3228 qua
733 3148 837 3209 iluvius
852 3149 948 3208 Arnus
960 3161 1016 3224 per
1131 3214 1132 3223 ἶ

74 3233 117 3281 cos
135 3225 195 3291 dies
215 3233 311 3296 solito
324 3234 418 3311 magis
436 3233 638 3294 inundaverat.
667 3232 812 3311 Hispanos
832 3238 861 3290 et
874 3229 961 3298 diros
978 3234 1045 3287 -3
1131 3272 1132 3275 ,

73 3299 99 3360 id
117 3325 200 3373 omne
220 3319 351 3379 veterani
371 3325 435 3377 erat
457 3315 550 3378 robur
572 3318 774 3378 exercitus-
788 3313 1014 3392 admixtisipso-
1057 3346 1059 3351 >

74 3397 132 3448 lum
146 3393 365 3474 inpedimentis,
381 3398 487 3460 necubi
503 3402 664 3461 consistere
674 3400 783 3460 coactis
797 3398 962 3459 necessaria
977 3395 1013 3456 ad

74 3480 137 3531 utus
151 3475 280 3555 deesent,
296 3485 408 3565 primos
425 3484 469 3542 ire
484 3484 581 3555 iussit,
599 3486 683 3564 sequi
697 3482 812 3553 Gallos,
831 3490 864 3543 ut
878 3482 907 3541 id
921 3480 1012 3557 agmi-
