<?xml version="1.0" encoding="UTF-8"?>
<!DOCTYPE html PUBLIC "-//W3C//DTD XHTML 1.0 Transitional//EN"
    "http://www.w3.org/TR/xhtml1/DTD/xhtml1-transitional.dtd">
<html xmlns="http://www.w3.org/1999/xhtml" xml:lang="en" lang="en">
 <head>
  <title>
</title>
<meta http-equiv="Content-Type" content="text/html;charset=utf-8" />
  <meta name='ocr-system' content='tesseract 3.04.00' />
  <meta name='ocr-capabilities' content='ocr_page ocr_carea ocr_par ocr_line ocrx_word'/>
</head>
<body>
  <div class='ocr_page' id='page_1' title='image "./aburbeconditali11livygoog_0334.png"; bbox 0 0 2350 3922; ppageno 0'>
   <div class='ocr_carea' id='block_1_1' title="bbox 299 186 1056 293">
    <p class='ocr_par' dir='ltr' id='par_1_1' title="bbox 299 186 1056 293">
     <span class='ocr_line' id='line_1_1' title="bbox 299 186 1056 293; baseline 0.009 -36"><span class='ocrx_word' id='word_1_1' title='bbox 299 216 394 258; x_wconf 74' lang='lat' dir='ltr'><strong>imno</strong></span> <span class='ocrx_word' id='word_1_2' title='bbox 408 186 500 258; x_wconf 82' lang='lat' dir='ltr'><strong>mn.</strong></span> <span class='ocrx_word' id='word_1_3' title='bbox 517 214 586 258; x_wconf 77' lang='lat' dir='ltr'><strong>cae.</strong></span> <span class='ocrx_word' id='word_1_4' title='bbox 602 206 627 255; x_wconf 85' lang='lat'><strong>7.</strong></span> <span class='ocrx_word' id='word_1_5' title='bbox 645 203 670 254; x_wconf 80' lang='lat' dir='ltr'><strong>s.</strong></span> <span class='ocrx_word' id='word_1_6' title='bbox 689 193 728 293; x_wconf 80' lang='lat' dir='ltr'><strong>[a.</strong></span> <span class='ocrx_word' id='word_1_7' title='bbox 745 197 856 278; x_wconf 62' lang='lat'>0216]</span> <span class='ocrx_word' id='word_1_8' title='bbox 996 201 1056 264; x_wconf 81' lang='lat'><strong>325</strong></span> 
     </span>
    </p>
   </div>
   <div class='ocr_carea' id='block_1_2' title="bbox 16 363 1159 3547">
    <p class='ocr_par' dir='ltr' id='par_1_2' title="bbox 90 363 1057 444">
     <span class='ocr_line' id='line_1_2' title="bbox 90 363 1057 444; baseline -0.004 -17"><span class='ocrx_word' id='word_1_9' title='bbox 90 364 230 444; x_wconf 86' lang='lat' dir='ltr'><strong>exempla</strong></span> <span class='ocrx_word' id='word_1_10' title='bbox 250 364 397 434; x_wconf 82' lang='lat' dir='ltr'><strong>referens,</strong></span> <span class='ocrx_word' id='word_1_11' title='bbox 415 367 526 443; x_wconf 90' lang='lat' dir='ltr'><strong>primo,</strong></span> <span class='ocrx_word' id='word_1_12' title='bbox 549 383 586 425; x_wconf 91' lang='lat' dir='ltr'><strong>ne</strong></span> <span class='ocrx_word' id='word_1_13' title='bbox 601 365 784 443; x_wconf 77' lang='lat' dir='ltr'>reciperetur</span> <span class='ocrx_word' id='word_1_14' title='bbox 797 363 993 443; x_wconf 74' lang='lat' dir='ltr'><strong>praesidIum,</strong></span> <span class='ocrx_word' id='word_1_15' title='bbox 1007 382 1057 443; x_wconf 87' lang='lat' dir='ltr'><strong>pa-</strong></span> 
     </span>
    </p>

    <p class='ocr_par' dir='ltr' id='par_1_3' title="bbox 89 448 1086 611">
     <span class='ocr_line' id='line_1_3' title="bbox 89 448 1086 527; baseline -0.004 -18"><span class='ocrx_word' id='word_1_16' title='bbox 89 449 148 513; x_wconf 87' lang='lat' dir='ltr'><strong>lam</strong></span> <span class='ocrx_word' id='word_1_17' title='bbox 160 448 343 510; x_wconf 78' lang='lat' dir='ltr'><strong>vociferatus</strong></span> <span class='ocrx_word' id='word_1_18' title='bbox 354 456 410 519; x_wconf 90' lang='lat' dir='ltr'><strong>est,</strong></span> <span class='ocrx_word' id='word_1_19' title='bbox 427 449 546 518; x_wconf 90' lang='lat' dir='ltr'><strong>deinde,</strong></span> <span class='ocrx_word' id='word_1_20' title='bbox 564 457 597 508; x_wconf 92' lang='lat' dir='ltr'><strong>nt</strong></span> <span class='ocrx_word' id='word_1_21' title='bbox 608 453 760 527; x_wconf 89' lang='lat' dir='ltr'><strong>receptum</strong></span> <span class='ocrx_word' id='word_1_22' title='bbox 773 454 823 507; x_wconf 86' lang='lat' dir='ltr'><strong>aut</strong></span> <span class='ocrx_word' id='word_1_23' title='bbox 837 449 982 509; x_wconf 82' lang='lat' dir='ltr'><strong>eiceretur</strong></span> <span class='ocrx_word' id='word_1_24' title='bbox 997 454 1055 517; x_wconf 91' lang='lat' dir='ltr'><strong>aut,</strong></span> <span class='ocrx_word' id='word_1_25' title='bbox 1069 454 1086 505; x_wconf 87' lang='lat' dir='ltr'><strong>n</strong></span> 
     </span>
     <span class='ocr_line' id='line_1_4' title="bbox 89 531 1056 611; baseline -0.001 -19"><span class='ocrx_word' id='word_1_26' title='bbox 89 536 114 593; x_wconf 89' lang='lat' dir='ltr'><strong>si</strong></span> <span class='ocrx_word' id='word_1_27' title='bbox 123 531 239 593; x_wconf 89' lang='lat' dir='ltr'><strong>malurn</strong></span> <span class='ocrx_word' id='word_1_28' title='bbox 256 532 378 601; x_wconf 88' lang='lat' dir='ltr'><strong>lacinus,</strong></span> <span class='ocrx_word' id='word_1_29' title='bbox 391 533 468 611; x_wconf 92' lang='lat' dir='ltr'><strong>quod</strong></span> <span class='ocrx_word' id='word_1_30' title='bbox 481 552 497 594; x_wconf 91' lang='lat' dir='ltr'><strong>a</strong></span> <span class='ocrx_word' id='word_1_31' title='bbox 509 534 711 595; x_wconf 81' lang='lat' dir='ltr'><strong>vetustissimis</strong></span> <span class='ocrx_word' id='word_1_32' title='bbox 720 532 808 592; x_wconf 88' lang='lat' dir='ltr'><strong>sociis</strong></span> <span class='ocrx_word' id='word_1_33' title='bbox 819 533 1056 611; x_wconf 88' lang='lat' dir='ltr'><strong>consanguineis·</strong></span> 
     </span>
    </p>

    <p class='ocr_par' dir='ltr' id='par_1_4' title="bbox 16 615 1159 2790">
     <span class='ocr_line' id='line_1_5' title="bbox 16 615 1056 696; baseline -0.004 -17"><span class='ocrx_word' id='word_1_34' title='bbox 16 672 18 679; x_wconf 17' lang='grc' dir='ltr'><em>Α</em></span> <span class='ocrx_word' id='word_1_35' title='bbox 88 616 358 696; x_wconf 68' lang='lat' dir='ltr'><strong>quodoieoiseent,</strong></span> <span class='ocrx_word' id='word_1_36' title='bbox 371 616 445 676; x_wconf 76' lang='lat' dir='ltr'><strong>lorti</strong></span> <span class='ocrx_word' id='word_1_37' title='bbox 457 615 695 687; x_wconf 69' lang='lat' dir='ltr'><strong>commorabili</strong></span> <span class='ocrx_word' id='word_1_38' title='bbox 708 615 840 676; x_wconf 82' lang='lat' dir='ltr'><strong>facinore</strong></span> <span class='ocrx_word' id='word_1_39' title='bbox 854 633 983 696; x_wconf 88' lang='lat' dir='ltr'><strong>purgare</strong></span> <span class='ocrx_word' id='word_1_40' title='bbox 997 615 1056 675; x_wconf 88' lang='lat' dir='ltr'><strong>vel·</strong></span> 
     </span>
     <span class='ocr_line' id='line_1_6' title="bbox 88 699 1057 781; baseline -0.002 -21"><span class='ocrx_word' id='word_1_41' title='bbox 88 700 163 772; x_wconf 87' lang='lat' dir='ltr'><strong>lent,</strong></span> <span class='ocrx_word' id='word_1_42' title='bbox 186 709 222 761; x_wconf 88' lang='lat' dir='ltr'><strong>ut</strong></span> <span class='ocrx_word' id='word_1_43' title='bbox 242 700 399 761; x_wconf 83' lang='lat' dir='ltr'><strong>interiecto</strong></span> <span class='ocrx_word' id='word_1_44' title='bbox 415 700 527 761; x_wconf 87' lang='lat' dir='ltr'><strong>Punico</strong></span> <span class='ocrx_word' id='word_1_45' title='bbox 550 701 697 781; x_wconf 86' lang='lat' dir='ltr'><strong>praesidio</strong></span> <span class='ocrx_word' id='word_1_46' title='bbox 711 701 902 760; x_wconf 72' lang='lat' dir='ltr'><strong>restituerent</strong></span> <span class='ocrx_word' id='word_1_47' title='bbox 916 699 1057 760; x_wconf 89' lang='lat' dir='ltr'><strong>Romanis</strong></span> 
     </span>
     <span class='ocr_line' id='line_1_7' title="bbox 88 782 1086 863; baseline -0.004 -19"><span class='ocrx_word' id='word_1_48' title='bbox 88 803 129 845; x_wconf 89' lang='lat' dir='ltr'><strong>se.</strong></span> <span class='ocrx_word' id='word_1_49' title='bbox 164 785 243 846; x_wconf 87' lang='lat' dir='ltr'><strong>haec</strong></span> <span class='ocrx_word' id='word_1_50' title='bbox 263 819 301 830; x_wconf 93' lang='lat'><em>-</em></span> <span class='ocrx_word' id='word_1_51' title='bbox 323 802 379 845; x_wconf 88' lang='lat' dir='ltr'><strong>nec</strong></span> <span class='ocrx_word' id='word_1_52' title='bbox 400 786 478 845; x_wconf 89' lang='lat' dir='ltr'><strong>enim</strong></span> <span class='ocrx_word' id='word_1_53' title='bbox 499 785 613 845; x_wconf 90' lang='lat' dir='ltr'><strong>occulta</strong></span> <span class='ocrx_word' id='word_1_54' title='bbox 633 784 795 863; x_wconf 79' lang='lat' dir='ltr'><strong>agebantur</strong></span> <span class='ocrx_word' id='word_1_55' title='bbox 814 802 945 844; x_wconf 88' lang='lat' dir='ltr'><strong>-cum</strong></span> <span class='ocrx_word' id='word_1_56' title='bbox 967 782 1086 845; x_wconf 67' lang='lat' dir='ltr'><strong>relata?</strong></span> 
     </span>
     <span class='ocr_line' id='line_1_8' title="bbox 87 866 1056 949; baseline -0.002 -20"><span class='ocrx_word' id='word_1_57' title='bbox 87 866 251 949; x_wconf 82' lang='lat' dir='ltr'>Hannibali</span> <span class='ocrx_word' id='word_1_58' title='bbox 273 876 386 938; x_wconf 88' lang='lat' dir='ltr'><strong>essent,</strong></span> <span class='ocrx_word' id='word_1_59' title='bbox 412 869 508 948; x_wconf 90' lang='lat' dir='ltr'><strong>primo</strong></span> <span class='ocrx_word' id='word_1_60' title='bbox 531 870 622 940; x_wconf 85' lang='lat' dir='ltr'><strong>misit,</strong></span> <span class='ocrx_word' id='word_1_61' title='bbox 644 869 694 948; x_wconf 93' lang='lat' dir='ltr'><strong>qui</strong></span> <span class='ocrx_word' id='word_1_62' title='bbox 716 875 857 928; x_wconf 82' lang='lat' dir='ltr'><strong>vocarent</strong></span> <span class='ocrx_word' id='word_1_63' title='bbox 870 867 998 945; x_wconf 84' lang='lat' dir='ltr'><strong>Magium</strong></span> <span class='ocrx_word' id='word_1_64' title='bbox 1019 868 1056 927; x_wconf 93' lang='lat' dir='ltr'><strong>ad</strong></span> 
     </span>
     <span class='ocr_line' id='line_1_9' title="bbox 89 952 1054 1030; baseline -0.002 -17"><span class='ocrx_word' id='word_1_65' title='bbox 89 964 152 1014; x_wconf 84' lang='lat' dir='ltr'><strong>sese</strong></span> <span class='ocrx_word' id='word_1_66' title='bbox 165 955 197 1013; x_wconf 92' lang='lat' dir='ltr'><strong>in</strong></span> <span class='ocrx_word' id='word_1_67' title='bbox 211 959 325 1021; x_wconf 87' lang='lat' dir='ltr'><strong>castra;</strong></span> <span class='ocrx_word' id='word_1_68' title='bbox 343 952 458 1022; x_wconf 88' lang='lat' dir='ltr'><strong>deinde,</strong></span> <span class='ocrx_word' id='word_1_69' title='bbox 475 970 541 1013; x_wconf 93' lang='lat' dir='ltr'><strong>cum</strong></span> <span class='ocrx_word' id='word_1_70' title='bbox 553 954 579 1013; x_wconf 90' lang='lat' dir='ltr'><strong>is</strong></span> <span class='ocrx_word' id='word_1_71' title='bbox 591 953 730 1013; x_wconf 83' lang='lat' dir='ltr'><strong>ferociter</strong></span> <span class='ocrx_word' id='word_1_72' title='bbox 742 959 877 1030; x_wconf 83' lang='lat' dir='ltr'><strong>negasset</strong></span> <span class='ocrx_word' id='word_1_73' title='bbox 892 952 1054 1020; x_wconf 86' lang='lat' dir='ltr'><strong>sciturum,</strong></span> 
     </span>
     <span class='ocr_line' id='line_1_10' title="bbox 88 1035 1159 1115; baseline -0.003 -19"><span class='ocrx_word' id='word_1_74' title='bbox 88 1054 143 1096; x_wconf 92' lang='lat' dir='ltr'><strong>nec</strong></span> <span class='ocrx_word' id='word_1_75' title='bbox 160 1038 245 1096; x_wconf 89' lang='lat' dir='ltr'><strong>enim</strong></span> <span class='ocrx_word' id='word_1_76' title='bbox 263 1035 421 1097; x_wconf 81' lang='lat' dir='ltr'><strong>Hannibali</strong></span> <span class='ocrx_word' id='word_1_77' title='bbox 435 1037 481 1097; x_wconf 86' lang='lat' dir='ltr'><strong>ius</strong></span> <span class='ocrx_word' id='word_1_78' title='bbox 503 1054 567 1113; x_wconf 79' lang='lat' dir='ltr'><strong>esse</strong></span> <span class='ocrx_word' id='word_1_79' title='bbox 586 1039 619 1097; x_wconf 91' lang='lat' dir='ltr'><strong>in</strong></span> <span class='ocrx_word' id='word_1_80' title='bbox 642 1039 734 1097; x_wconf 87' lang='lat' dir='ltr'><strong>civem</strong></span> <span class='ocrx_word' id='word_1_81' title='bbox 749 1038 938 1115; x_wconf 84' lang='lat' dir='ltr'><strong>Campanum,</strong></span> <span class='ocrx_word' id='word_1_82' title='bbox 956 1036 1055 1096; x_wconf 90' lang='lat' dir='ltr'><strong>conci·</strong></span> <span class='ocrx_word' id='word_1_83' title='bbox 1158 1052 1159 1055; x_wconf 45' lang='lat'>¹</span> 
     </span>
     <span class='ocr_line' id='line_1_11' title="bbox 88 1120 1057 1201; baseline -0.002 -22"><span class='ocrx_word' id='word_1_84' title='bbox 88 1127 165 1182; x_wconf 89' lang='lat' dir='ltr'><strong>tatus</strong></span> <span class='ocrx_word' id='word_1_85' title='bbox 176 1122 223 1181; x_wconf 88' lang='lat' dir='ltr'><strong>ira</strong></span> <span class='ocrx_word' id='word_1_86' title='bbox 235 1120 355 1181; x_wconf 88' lang='lat' dir='ltr'><strong>Poenus</strong></span> <span class='ocrx_word' id='word_1_87' title='bbox 366 1120 569 1199; x_wconf 83' lang='lat' dir='ltr'><strong>conprehendi</strong></span> <span class='ocrx_word' id='word_1_88' title='bbox 580 1122 729 1182; x_wconf 93' lang='lat' dir='ltr'><strong>hominem</strong></span> <span class='ocrx_word' id='word_1_89' title='bbox 743 1122 930 1201; x_wconf 87' lang='lat' dir='ltr'><strong>vinctumque</strong></span> <span class='ocrx_word' id='word_1_90' title='bbox 940 1120 1057 1181; x_wconf 85' lang='lat' dir='ltr'><strong>adtrahi</strong></span> 
     </span>
     <span class='ocr_line' id='line_1_12' title="bbox 89 1202 1159 1284; baseline -0.002 -21"><span class='ocrx_word' id='word_1_91' title='bbox 89 1204 123 1263; x_wconf 86' lang='lat' dir='ltr'><strong>nd</strong></span> <span class='ocrx_word' id='word_1_92' title='bbox 139 1222 206 1266; x_wconf 86' lang='lat' dir='ltr'><strong>sese</strong></span> <span class='ocrx_word' id='word_1_93' title='bbox 222 1205 317 1265; x_wconf 90' lang='lat' dir='ltr'><strong>iussit.</strong></span> <span class='ocrx_word' id='word_1_94' title='bbox 348 1205 457 1265; x_wconf 85' lang='lat' dir='ltr'><strong>veritus</strong></span> <span class='ocrx_word' id='word_1_95' title='bbox 471 1205 592 1274; x_wconf 88' lang='lat' dir='ltr'><strong>deinde,</strong></span> <span class='ocrx_word' id='word_1_96' title='bbox 610 1223 648 1265; x_wconf 93' lang='lat' dir='ltr'><strong>ne</strong></span> <span class='ocrx_word' id='word_1_97' title='bbox 663 1203 733 1284; x_wconf 90' lang='lat' dir='ltr'><strong>quid</strong></span> <span class='ocrx_word' id='word_1_98' title='bbox 748 1205 899 1265; x_wconf 78' lang='lat' dir='ltr'><strong>interum</strong></span> <span class='ocrx_word' id='word_1_99' title='bbox 915 1202 1086 1265; x_wconf 76' lang='lat' dir='ltr'><strong>tumultuat</strong></span> <span class='ocrx_word' id='word_1_100' title='bbox 1158 1244 1159 1249; x_wconf 19' lang='grc' dir='ltr'>η</span> 
     </span>
     <span class='ocr_line' id='line_1_13' title="bbox 89 1287 1056 1368; baseline 0 -21"><span class='ocrx_word' id='word_1_101' title='bbox 89 1297 175 1368; x_wconf 83' lang='lat' dir='ltr'><strong>atque</strong></span> <span class='ocrx_word' id='word_1_102' title='bbox 192 1307 231 1349; x_wconf 82' lang='lat' dir='ltr'><strong>ex</strong></span> <span class='ocrx_word' id='word_1_103' title='bbox 246 1289 442 1348; x_wconf 82' lang='lat' dir='ltr'><strong>concitatione</strong></span> <span class='ocrx_word' id='word_1_104' title='bbox 454 1290 620 1348; x_wconf 88' lang='lat' dir='ltr'><strong>animorum</strong></span> <span class='ocrx_word' id='word_1_105' title='bbox 634 1287 791 1355; x_wconf 87' lang='lat' dir='ltr'><strong>inconsulti</strong></span> <span class='ocrx_word' id='word_1_106' title='bbox 806 1290 973 1349; x_wconf 87' lang='lat' dir='ltr'><strong>certaminis</strong></span> <span class='ocrx_word' id='word_1_107' title='bbox 989 1305 1056 1347; x_wconf 94' lang='lat' dir='ltr'><strong>ore-</strong></span> 
     </span>
     <span class='ocr_line' id='line_1_14' title="bbox 89 1371 1055 1451; baseline 0 -21"><span class='ocrx_word' id='word_1_108' title='bbox 89 1379 185 1443; x_wconf 91' lang='lat' dir='ltr'><strong>retur,</strong></span> <span class='ocrx_word' id='word_1_109' title='bbox 207 1373 274 1450; x_wconf 90' lang='lat' dir='ltr'><strong>ipse</strong></span> <span class='ocrx_word' id='word_1_110' title='bbox 297 1373 459 1451; x_wconf 88' lang='lat' dir='ltr'><strong>praemisso</strong></span> <span class='ocrx_word' id='word_1_111' title='bbox 477 1373 581 1432; x_wconf 87' lang='lat' dir='ltr'><strong>nuntio</strong></span> <span class='ocrx_word' id='word_1_112' title='bbox 603 1371 640 1431; x_wconf 90' lang='lat' dir='ltr'><strong>ad</strong></span> <span class='ocrx_word' id='word_1_113' title='bbox 658 1371 783 1431; x_wconf 88' lang='lat' dir='ltr'><strong>Marium</strong></span> <span class='ocrx_word' id='word_1_114' title='bbox 801 1371 947 1432; x_wconf 83' lang='lat' dir='ltr'><strong>Blossium</strong></span> <span class='ocrx_word' id='word_1_115' title='bbox 969 1389 1055 1451; x_wconf 90' lang='lat' dir='ltr'><strong>prae·</strong></span> 
     </span>
     <span class='ocr_line' id='line_1_15' title="bbox 88 1454 1159 1534; baseline 0 -21"><span class='ocrx_word' id='word_1_116' title='bbox 88 1463 184 1516; x_wconf 91' lang='lat' dir='ltr'><strong>torem</strong></span> <span class='ocrx_word' id='word_1_117' title='bbox 197 1457 397 1534; x_wconf 84' lang='lat' dir='ltr'><strong>Campanum,</strong></span> <span class='ocrx_word' id='word_1_118' title='bbox 418 1465 538 1533; x_wconf 91' lang='lat' dir='ltr'><strong>postero</strong></span> <span class='ocrx_word' id='word_1_119' title='bbox 554 1454 601 1516; x_wconf 90' lang='lat' dir='ltr'><strong>die</strong></span> <span class='ocrx_word' id='word_1_120' title='bbox 615 1473 648 1514; x_wconf 87' lang='lat' dir='ltr'><strong>se</strong></span> <span class='ocrx_word' id='word_1_121' title='bbox 665 1455 781 1533; x_wconf 86' lang='lat' dir='ltr'><strong>Capuae</strong></span> <span class='ocrx_word' id='word_1_122' title='bbox 795 1455 943 1524; x_wconf 81' lang='lat' dir='ltr'><strong>futurum,</strong></span> <span class='ocrx_word' id='word_1_123' title='bbox 965 1455 1055 1534; x_wconf 88' lang='lat' dir='ltr'><strong>profi·</strong></span> <span class='ocrx_word' id='word_1_124' title='bbox 1158 1488 1159 1505; x_wconf 64' lang='lat'>2</span> 
     </span>
     <span class='ocr_line' id='line_1_16' title="bbox 91 1539 1085 1618; baseline -0.004 -21"><span class='ocrx_word' id='word_1_125' title='bbox 91 1540 241 1600; x_wconf 88' lang='lat' dir='ltr'><strong>cisciture</strong></span> <span class='ocrx_word' id='word_1_126' title='bbox 259 1541 363 1600; x_wconf 89' lang='lat' dir='ltr'><strong>castris</strong></span> <span class='ocrx_word' id='word_1_127' title='bbox 379 1557 446 1599; x_wconf 93' lang='lat' dir='ltr'><strong>cum</strong></span> <span class='ocrx_word' id='word_1_128' title='bbox 460 1539 576 1600; x_wconf 92' lang='lat' dir='ltr'><strong>modico</strong></span> <span class='ocrx_word' id='word_1_129' title='bbox 593 1539 750 1618; x_wconf 92' lang='lat' dir='ltr'><strong>praesidio.</strong></span> <span class='ocrx_word' id='word_1_130' title='bbox 792 1539 902 1598; x_wconf 82' lang='lat' dir='ltr'><strong>illarius</strong></span> <span class='ocrx_word' id='word_1_131' title='bbox 919 1540 1085 1597; x_wconf 76' lang='lat' dir='ltr'><strong>contionati</strong></span> 
     </span>
     <span class='ocr_line' id='line_1_17' title="bbox 90 1619 1056 1702; baseline 0 -22"><span class='ocrx_word' id='word_1_132' title='bbox 90 1622 230 1684; x_wconf 86' lang='lat' dir='ltr'><strong>advocata</strong></span> <span class='ocrx_word' id='word_1_133' title='bbox 252 1622 357 1692; x_wconf 87' lang='lat' dir='ltr'><strong>edicit,</strong></span> <span class='ocrx_word' id='word_1_134' title='bbox 379 1631 413 1684; x_wconf 93' lang='lat' dir='ltr'><strong>ut</strong></span> <span class='ocrx_word' id='word_1_135' title='bbox 431 1623 601 1702; x_wconf 78' lang='lat' dir='ltr'><strong>frequentes</strong></span> <span class='ocrx_word' id='word_1_136' title='bbox 622 1641 689 1683; x_wconf 91' lang='lat' dir='ltr'><strong>cum</strong></span> <span class='ocrx_word' id='word_1_137' title='bbox 705 1621 879 1700; x_wconf 85' lang='lat' dir='ltr'><strong>coniugibus</strong></span> <span class='ocrx_word' id='word_1_138' title='bbox 900 1639 934 1681; x_wconf 86' lang='lat' dir='ltr'><strong>ac</strong></span> <span class='ocrx_word' id='word_1_139' title='bbox 954 1619 1056 1693; x_wconf 91' lang='lat' dir='ltr'><strong>liberis</strong></span> 
     </span>
     <span class='ocr_line' id='line_1_18' title="bbox 90 1704 1056 1768; baseline 0 -4"><span class='ocrx_word' id='word_1_140' title='bbox 90 1704 204 1768; x_wconf 84' lang='lat' dir='ltr'><strong>obviam</strong></span> <span class='ocrx_word' id='word_1_141' title='bbox 226 1710 309 1767; x_wconf 87' lang='lat' dir='ltr'><strong>irent</strong></span> <span class='ocrx_word' id='word_1_142' title='bbox 322 1706 488 1768; x_wconf 87' lang='lat' dir='ltr'><strong>Hannibali.</strong></span> <span class='ocrx_word' id='word_1_143' title='bbox 519 1706 556 1768; x_wconf 92' lang='lat' dir='ltr'><strong>ab</strong></span> <span class='ocrx_word' id='word_1_144' title='bbox 574 1707 718 1767; x_wconf 91' lang='lat' dir='ltr'><strong>universis</strong></span> <span class='ocrx_word' id='word_1_145' title='bbox 733 1705 765 1765; x_wconf 93' lang='lat' dir='ltr'><strong>id</strong></span> <span class='ocrx_word' id='word_1_146' title='bbox 785 1722 846 1766; x_wconf 91' lang='lat' dir='ltr'><strong>non</strong></span> <span class='ocrx_word' id='word_1_147' title='bbox 862 1704 1056 1766; x_wconf 89' lang='lat' dir='ltr'><strong>oboedienter</strong></span> 
     </span>
     <span class='ocr_line' id='line_1_19' title="bbox 88 1787 1056 1868; baseline -0.002 -19"><span class='ocrx_word' id='word_1_148' title='bbox 88 1790 188 1861; x_wconf 89' lang='lat' dir='ltr'><strong>modo,</strong></span> <span class='ocrx_word' id='word_1_149' title='bbox 208 1790 266 1852; x_wconf 87' lang='lat' dir='ltr'><strong>sed</strong></span> <span class='ocrx_word' id='word_1_150' title='bbox 281 1792 381 1860; x_wconf 81' lang='lat' dir='ltr'><strong>enixe,</strong></span> <span class='ocrx_word' id='word_1_151' title='bbox 402 1791 502 1851; x_wconf 86' lang='lat' dir='ltr'><strong>lavore</strong></span> <span class='ocrx_word' id='word_1_152' title='bbox 517 1791 604 1850; x_wconf 90' lang='lat' dir='ltr'><strong>etiam</strong></span> <span class='ocrx_word' id='word_1_153' title='bbox 619 1789 697 1868; x_wconf 85' lang='lat' dir='ltr'><strong>volgi</strong></span> <span class='ocrx_word' id='word_1_154' title='bbox 717 1797 747 1849; x_wconf 92' lang='lat' dir='ltr'><strong>et</strong></span> <span class='ocrx_word' id='word_1_155' title='bbox 766 1788 862 1849; x_wconf 90' lang='lat' dir='ltr'><strong>studio</strong></span> <span class='ocrx_word' id='word_1_156' title='bbox 884 1787 998 1850; x_wconf 85' lang='lat' dir='ltr'><strong>visendi</strong></span> <span class='ocrx_word' id='word_1_157' title='bbox 1011 1796 1056 1849; x_wconf 92' lang='lat' dir='ltr'><strong>tot</strong></span> 
     </span>
     <span class='ocr_line' id='line_1_20' title="bbox 88 1870 1159 1952; baseline -0.001 -22"><span class='ocrx_word' id='word_1_158' title='bbox 88 1873 142 1932; x_wconf 90' lang='lat' dir='ltr'><strong>iam</strong></span> <span class='ocrx_word' id='word_1_159' title='bbox 166 1876 303 1936; x_wconf 88' lang='lat' dir='ltr'><strong>victoriis</strong></span> <span class='ocrx_word' id='word_1_160' title='bbox 328 1874 441 1934; x_wconf 87' lang='lat' dir='ltr'><strong>clarum</strong></span> <span class='ocrx_word' id='word_1_161' title='bbox 462 1876 688 1952; x_wconf 88' lang='lat' dir='ltr'><strong>imperatorem,</strong></span> <span class='ocrx_word' id='word_1_162' title='bbox 715 1874 826 1935; x_wconf 85' lang='lat' dir='ltr'><strong>lactum</strong></span> <span class='ocrx_word' id='word_1_163' title='bbox 848 1881 901 1936; x_wconf 89' lang='lat' dir='ltr'><strong>est.</strong></span> <span class='ocrx_word' id='word_1_164' title='bbox 947 1873 1053 1935; x_wconf 90' lang='lat' dir='ltr'><strong>Decius</strong></span> <span class='ocrx_word' id='word_1_165' title='bbox 1064 1877 1097 1930; x_wconf 84' lang='lat' dir='ltr'><strong>lb</strong></span> <span class='ocrx_word' id='word_1_166' title='bbox 1158 1870 1159 1873; x_wconf 72' lang='grc'>’</span> 
     </span>
     <span class='ocr_line' id='line_1_21' title="bbox 87 1955 1159 2038; baseline 0.001 -21"><span class='ocrx_word' id='word_1_167' title='bbox 87 1955 196 2035; x_wconf 84' lang='lat' dir='ltr'><strong>Magius</strong></span> <span class='ocrx_word' id='word_1_168' title='bbox 207 1975 271 2019; x_wconf 86' lang='lat' dir='ltr'><strong>nec</strong></span> <span class='ocrx_word' id='word_1_169' title='bbox 282 1957 397 2018; x_wconf 89' lang='lat' dir='ltr'><strong>obviam</strong></span> <span class='ocrx_word' id='word_1_170' title='bbox 409 1976 545 2035; x_wconf 87' lang='lat' dir='ltr'><strong>egressus</strong></span> <span class='ocrx_word' id='word_1_171' title='bbox 558 1966 602 2019; x_wconf 87' lang='lat' dir='ltr'><strong>est</strong></span> <span class='ocrx_word' id='word_1_172' title='bbox 616 1976 687 2028; x_wconf 90' lang='lat' dir='ltr'><strong>nec,</strong></span> <span class='ocrx_word' id='word_1_173' title='bbox 703 1976 762 2038; x_wconf 92' lang='lat' dir='ltr'><strong>quo</strong></span> <span class='ocrx_word' id='word_1_174' title='bbox 777 1958 913 2020; x_wconf 91' lang='lat' dir='ltr'><strong>timorem</strong></span> <span class='ocrx_word' id='word_1_175' title='bbox 926 1956 1054 2038; x_wconf 88' lang='lat' dir='ltr'><strong>aliquem</strong></span> <span class='ocrx_word' id='word_1_176' title='bbox 1158 2004 1159 2007; x_wconf 16' lang='grc' dir='ltr'>η</span> 
     </span>
     <span class='ocr_line' id='line_1_22' title="bbox 88 2042 1054 2123; baseline 0.002 -25"><span class='ocrx_word' id='word_1_177' title='bbox 88 2057 122 2101; x_wconf 87' lang='lat' dir='ltr'><strong>ex</strong></span> <span class='ocrx_word' id='word_1_178' title='bbox 142 2042 329 2104; x_wconf 85' lang='lat' dir='ltr'><strong>conscientia</strong></span> <span class='ocrx_word' id='word_1_179' title='bbox 349 2043 514 2120; x_wconf 85' lang='lat' dir='ltr'><strong>significare</strong></span> <span class='ocrx_word' id='word_1_180' title='bbox 541 2050 653 2122; x_wconf 90' lang='lat' dir='ltr'><strong>posset,</strong></span> <span class='ocrx_word' id='word_1_181' title='bbox 684 2044 797 2123; x_wconf 84' lang='lat' dir='ltr'><strong>privato</strong></span> <span class='ocrx_word' id='word_1_182' title='bbox 825 2062 857 2103; x_wconf 91' lang='lat' dir='ltr'><strong>se</strong></span> <span class='ocrx_word' id='word_1_183' title='bbox 888 2044 996 2103; x_wconf 91' lang='lat' dir='ltr'><strong>tenuit:</strong></span> <span class='ocrx_word' id='word_1_184' title='bbox 1022 2044 1054 2100; x_wconf 91' lang='lat' dir='ltr'><strong>in</strong></span> 
     </span>
     <span class='ocr_line' id='line_1_23' title="bbox 90 2122 1053 2206; baseline 0.004 -25"><span class='ocrx_word' id='word_1_185' title='bbox 90 2122 151 2184; x_wconf 88' lang='lat' dir='ltr'><strong>loro</strong></span> <span class='ocrx_word' id='word_1_186' title='bbox 167 2144 239 2188; x_wconf 87' lang='lat' dir='ltr'><strong>cum</strong></span> <span class='ocrx_word' id='word_1_187' title='bbox 254 2124 314 2186; x_wconf 85' lang='lat' dir='ltr'><strong>lilio</strong></span> <span class='ocrx_word' id='word_1_188' title='bbox 331 2123 544 2205; x_wconf 89' lang='lat' dir='ltr'><strong>clientibusque</strong></span> <span class='ocrx_word' id='word_1_189' title='bbox 560 2130 661 2206; x_wconf 88' lang='lat' dir='ltr'><strong>paucis</strong></span> <span class='ocrx_word' id='word_1_190' title='bbox 675 2128 769 2187; x_wconf 90' lang='lat' dir='ltr'><strong>otiose</strong></span> <span class='ocrx_word' id='word_1_191' title='bbox 783 2125 975 2186; x_wconf 85' lang='lat' dir='ltr'><strong>inambulavit</strong></span> <span class='ocrx_word' id='word_1_192' title='bbox 993 2132 1053 2185; x_wconf 88' lang='lat' dir='ltr'><strong>tre·</strong></span> 
     </span>
     <span class='ocr_line' id='line_1_24' title="bbox 92 2207 1052 2287; baseline 0.001 -21"><span class='ocrx_word' id='word_1_193' title='bbox 92 2207 207 2282; x_wconf 90' lang='lat' dir='ltr'><strong>pidante</strong></span> <span class='ocrx_word' id='word_1_194' title='bbox 218 2218 283 2271; x_wconf 91' lang='lat' dir='ltr'><strong>tota</strong></span> <span class='ocrx_word' id='word_1_195' title='bbox 294 2210 410 2270; x_wconf 85' lang='lat' dir='ltr'><strong>civitate</strong></span> <span class='ocrx_word' id='word_1_196' title='bbox 421 2210 458 2270; x_wconf 91' lang='lat' dir='ltr'><strong>ad</strong></span> <span class='ocrx_word' id='word_1_197' title='bbox 470 2212 676 2287; x_wconf 85' lang='lat' dir='ltr'><strong>excipiendum</strong></span> <span class='ocrx_word' id='word_1_198' title='bbox 687 2211 820 2270; x_wconf 90' lang='lat' dir='ltr'><strong>Poenum</strong></span> <span class='ocrx_word' id='word_1_199' title='bbox 831 2208 1052 2287; x_wconf 82' lang='lat' dir='ltr'><strong>visendamque.</strong></span> 
     </span>
     <span class='ocr_line' id='line_1_25' title="bbox 91 2289 1095 2370; baseline 0 -22"><span class='ocrx_word' id='word_1_200' title='bbox 91 2289 234 2355; x_wconf 86' lang='lat' dir='ltr'><strong>Hannibal</strong></span> <span class='ocrx_word' id='word_1_201' title='bbox 245 2295 398 2370; x_wconf 85' lang='lat' dir='ltr'><strong>ingressus</strong></span> <span class='ocrx_word' id='word_1_202' title='bbox 406 2291 511 2353; x_wconf 90' lang='lat' dir='ltr'><strong>urbem</strong></span> <span class='ocrx_word' id='word_1_203' title='bbox 526 2303 660 2353; x_wconf 88' lang='lat' dir='ltr'><strong>senatum</strong></span> <span class='ocrx_word' id='word_1_204' title='bbox 672 2291 819 2370; x_wconf 84' lang='lat' dir='ltr'><strong>extemplo</strong></span> <span class='ocrx_word' id='word_1_205' title='bbox 829 2290 970 2369; x_wconf 91' lang='lat' dir='ltr'><strong>postulat,</strong></span> <span class='ocrx_word' id='word_1_206' title='bbox 982 2309 1051 2370; x_wconf 86' lang='lat' dir='ltr'><strong>pre·</strong></span> <span class='ocrx_word' id='word_1_207' title='bbox 1064 2297 1095 2348; x_wconf 89' lang='lat'><strong>11</strong></span> 
     </span>
     <span class='ocr_line' id='line_1_26' title="bbox 91 2375 1053 2458; baseline 0.003 -27"><span class='ocrx_word' id='word_1_208' title='bbox 91 2377 283 2458; x_wconf 89' lang='lat' dir='ltr'><strong>cantibusque</strong></span> <span class='ocrx_word' id='word_1_209' title='bbox 304 2376 375 2437; x_wconf 88' lang='lat' dir='ltr'><strong>inde</strong></span> <span class='ocrx_word' id='word_1_210' title='bbox 396 2375 577 2456; x_wconf 89' lang='lat' dir='ltr'><strong>primoribus</strong></span> <span class='ocrx_word' id='word_1_211' title='bbox 604 2376 835 2455; x_wconf 86' lang='lat' dir='ltr'><strong>Campanorum,</strong></span> <span class='ocrx_word' id='word_1_212' title='bbox 865 2375 994 2454; x_wconf 87' lang='lat' dir='ltr'><strong>nequid</strong></span> <span class='ocrx_word' id='word_1_213' title='bbox 1017 2392 1053 2434; x_wconf 90' lang='lat' dir='ltr'><strong>eo</strong></span> 
     </span>
     <span class='ocr_line' id='line_1_27' title="bbox 92 2454 1052 2538; baseline 0.004 -23"><span class='ocrx_word' id='word_1_214' title='bbox 92 2454 137 2517; x_wconf 90' lang='lat' dir='ltr'><strong>die</strong></span> <span class='ocrx_word' id='word_1_215' title='bbox 151 2464 248 2523; x_wconf 89' lang='lat' dir='ltr'><strong>seriae</strong></span> <span class='ocrx_word' id='word_1_216' title='bbox 262 2461 307 2521; x_wconf 91' lang='lat' dir='ltr'><strong>rei</strong></span> <span class='ocrx_word' id='word_1_217' title='bbox 324 2467 443 2538; x_wconf 82' lang='lat' dir='ltr'><strong>gereret</strong></span> <span class='ocrx_word' id='word_1_218' title='bbox 459 2460 594 2538; x_wconf 91' lang='lat' dir='ltr'><strong>diemque</strong></span> <span class='ocrx_word' id='word_1_219' title='bbox 608 2467 642 2519; x_wconf 90' lang='lat' dir='ltr'><strong>ut</strong></span> <span class='ocrx_word' id='word_1_220' title='bbox 655 2461 718 2537; x_wconf 91' lang='lat' dir='ltr'><strong>ipse</strong></span> <span class='ocrx_word' id='word_1_221' title='bbox 736 2458 862 2519; x_wconf 83' lang='lat' dir='ltr'><strong>adventu</strong></span> <span class='ocrx_word' id='word_1_222' title='bbox 876 2477 930 2519; x_wconf 90' lang='lat' dir='ltr'><strong>suo</strong></span> <span class='ocrx_word' id='word_1_223' title='bbox 944 2459 1052 2520; x_wconf 84' lang='lat' dir='ltr'><strong>lestun&#39;r</strong></span> 
     </span>
     <span class='ocr_line' id='line_1_28' title="bbox 90 2533 1159 2623; baseline -0.001 -25"><span class='ocrx_word' id='word_1_224' title='bbox 90 2533 235 2606; x_wconf 86' lang='lat' dir='ltr'><strong>lactosae</strong></span> <span class='ocrx_word' id='word_1_225' title='bbox 257 2543 352 2605; x_wconf 91' lang='lat' dir='ltr'><strong>libens</strong></span> <span class='ocrx_word' id='word_1_226' title='bbox 369 2543 549 2614; x_wconf 88' lang='lat' dir='ltr'><strong>celebraret,</strong></span> <span class='ocrx_word' id='word_1_227' title='bbox 571 2561 748 2623; x_wconf 87' lang='lat' dir='ltr'><strong>quamquam</strong></span> <span class='ocrx_word' id='word_1_228' title='bbox 769 2560 913 2621; x_wconf 89' lang='lat' dir='ltr'><strong>praeceps</strong></span> <span class='ocrx_word' id='word_1_229' title='bbox 932 2544 1052 2619; x_wconf 83' lang='lat' dir='ltr'><strong>ingenio</strong></span> <span class='ocrx_word' id='word_1_230' title='bbox 1062 2548 1095 2598; x_wconf 78' lang='lat'><strong>12</strong></span> <span class='ocrx_word' id='word_1_231' title='bbox 1158 2546 1159 2549; x_wconf 76' lang='grc'>’</span> 
     </span>
     <span class='ocr_line' id='line_1_29' title="bbox 91 2623 1159 2706; baseline 0.001 -22"><span class='ocrx_word' id='word_1_232' title='bbox 91 2623 305 2698; x_wconf 82' lang='lat' dir='ltr'><strong>intremeret,</strong></span> <span class='ocrx_word' id='word_1_233' title='bbox 324 2635 437 2698; x_wconf 69' lang='lat' dir='ltr'><strong>umen,</strong></span> <span class='ocrx_word' id='word_1_234' title='bbox 453 2645 491 2687; x_wconf 86' lang='lat' dir='ltr'><strong>nc</strong></span> <span class='ocrx_word' id='word_1_235' title='bbox 509 2626 579 2706; x_wconf 94' lang='lat' dir='ltr'><strong>quid</strong></span> <span class='ocrx_word' id='word_1_236' title='bbox 593 2629 625 2686; x_wconf 92' lang='lat' dir='ltr'><strong>in</strong></span> <span class='ocrx_word' id='word_1_237' title='bbox 641 2627 785 2705; x_wconf 82' lang='lat' dir='ltr'><strong>principio</strong></span> <span class='ocrx_word' id='word_1_238' title='bbox 804 2633 939 2703; x_wconf 85' lang='lat' dir='ltr'><strong>negaret,</strong></span> <span class='ocrx_word' id='word_1_239' title='bbox 956 2627 1052 2685; x_wconf 86' lang='lat' dir='ltr'><strong>visen·</strong></span> <span class='ocrx_word' id='word_1_240' title='bbox 1158 2682 1159 2685; x_wconf 74' lang='grc'>,</span> 
     </span>
     <span class='ocr_line' id='line_1_30' title="bbox 93 2705 778 2790; baseline 0 -19"><span class='ocrx_word' id='word_1_241' title='bbox 93 2705 126 2765; x_wconf 77' lang='lat' dir='ltr'><strong>da</strong></span> <span class='ocrx_word' id='word_1_242' title='bbox 141 2711 216 2773; x_wconf 89' lang='lat' dir='ltr'><strong>urbe</strong></span> <span class='ocrx_word' id='word_1_243' title='bbox 230 2730 368 2790; x_wconf 86' lang='lat' dir='ltr'><strong>magnam</strong></span> <span class='ocrx_word' id='word_1_244' title='bbox 383 2718 497 2790; x_wconf 89' lang='lat' dir='ltr'><strong>partem</strong></span> <span class='ocrx_word' id='word_1_245' title='bbox 513 2710 572 2771; x_wconf 90' lang='lat' dir='ltr'><strong>diei</strong></span> <span class='ocrx_word' id='word_1_246' title='bbox 587 2712 778 2788; x_wconf 85' lang='lat' dir='ltr'><strong>consumpsit.</strong></span> 
     </span>
    </p>

    <p class='ocr_par' dir='ltr' id='par_1_5' title="bbox 92 2792 1159 3547">
     <span class='ocr_line' id='line_1_31' title="bbox 151 2792 1080 2873; baseline -0.002 -21"><span class='ocrx_word' id='word_1_247' title='bbox 151 2792 225 2856; x_wconf 89' lang='lat' dir='ltr'><strong>VlH.</strong></span> <span class='ocrx_word' id='word_1_248' title='bbox 251 2796 427 2858; x_wconf 84' lang='lat' dir='ltr'><strong>Deversatus</strong></span> <span class='ocrx_word' id='word_1_249' title='bbox 439 2802 484 2855; x_wconf 93' lang='lat' dir='ltr'><strong>est</strong></span> <span class='ocrx_word' id='word_1_250' title='bbox 505 2794 582 2873; x_wconf 92' lang='lat' dir='ltr'><strong>apud</strong></span> <span class='ocrx_word' id='word_1_251' title='bbox 603 2795 727 2856; x_wconf 90' lang='lat' dir='ltr'><strong>Ninnios</strong></span> <span class='ocrx_word' id='word_1_252' title='bbox 743 2793 875 2863; x_wconf 87' lang='lat' dir='ltr'><strong>Celeres,</strong></span> <span class='ocrx_word' id='word_1_253' title='bbox 898 2793 1080 2854; x_wconf 86' lang='lat' dir='ltr'><strong>Stheniuml</strong></span> 
     </span>
     <span class='ocr_line' id='line_1_32' title="bbox 92 2869 1159 2960; baseline 0.006 -31"><span class='ocrx_word' id='word_1_254' title='bbox 92 2869 320 2960; x_wconf 85' lang='lat' dir='ltr'><strong>Pacuviumque,</strong></span> <span class='ocrx_word' id='word_1_255' title='bbox 342 2879 469 2940; x_wconf 91' lang='lat' dir='ltr'><strong>inclutos</strong></span> <span class='ocrx_word' id='word_1_256' title='bbox 489 2878 641 2940; x_wconf 87' lang='lat' dir='ltr'><strong>nobilitate</strong></span> <span class='ocrx_word' id='word_1_257' title='bbox 657 2897 691 2939; x_wconf 84' lang='lat' dir='ltr'><strong>ac</strong></span> <span class='ocrx_word' id='word_1_258' title='bbox 712 2879 826 2939; x_wconf 86' lang='lat' dir='ltr'><strong>divitiis.</strong></span> <span class='ocrx_word' id='word_1_259' title='bbox 860 2896 895 2938; x_wconf 92' lang='lat' dir='ltr'><strong>eo</strong></span> <span class='ocrx_word' id='word_1_260' title='bbox 909 2878 1079 2938; x_wconf 72' lang='lat' dir='ltr'><strong>Pacuviust</strong></span> <span class='ocrx_word' id='word_1_261' title='bbox 1158 2940 1159 2945; x_wconf 8' lang='grc' dir='ltr'>γ</span> 
     </span>
     <span class='ocr_line' id='line_1_33' title="bbox 93 2952 1159 3042; baseline 0.004 -28"><span class='ocrx_word' id='word_1_262' title='bbox 93 2952 236 3032; x_wconf 77' lang='lat' dir='ltr'><strong>cnevius,</strong></span> <span class='ocrx_word' id='word_1_263' title='bbox 261 2963 369 3042; x_wconf 94' lang='lat' dir='ltr'><strong>dequo</strong></span> <span class='ocrx_word' id='word_1_264' title='bbox 385 2971 453 3023; x_wconf 92' lang='lat' dir='ltr'><strong>ante</strong></span> <span class='ocrx_word' id='word_1_265' title='bbox 469 2962 651 3033; x_wconf 90' lang='lat' dir='ltr'><strong>dictumest,</strong></span> <span class='ocrx_word' id='word_1_266' title='bbox 672 2965 812 3041; x_wconf 88' lang='lat' dir='ltr'><strong>princeps</strong></span> <span class='ocrx_word' id='word_1_267' title='bbox 827 2962 962 3023; x_wconf 85' lang='lat' dir='ltr'><strong>factionis</strong></span> <span class='ocrx_word' id='word_1_268' title='bbox 979 2963 1050 3029; x_wconf 91' lang='lat' dir='ltr'><strong>eius,</strong></span> <span class='ocrx_word' id='word_1_269' title='bbox 1158 2960 1159 2967; x_wconf 76' lang='grc'>’</span> 
     </span>
     <span class='ocr_line' id='line_1_34' title="bbox 93 3044 1079 3117; baseline 0.002 -19"><span class='ocrx_word' id='word_1_270' title='bbox 93 3054 164 3116; x_wconf 90' lang='lat' dir='ltr'><strong>quae</strong></span> <span class='ocrx_word' id='word_1_271' title='bbox 180 3053 310 3109; x_wconf 85' lang='lat' dir='ltr'><strong>traxerat</strong></span> <span class='ocrx_word' id='word_1_272' title='bbox 323 3065 387 3107; x_wconf 89' lang='lat' dir='ltr'><strong>rem</strong></span> <span class='ocrx_word' id='word_1_273' title='bbox 402 3048 439 3108; x_wconf 88' lang='lat' dir='ltr'><strong>ad</strong></span> <span class='ocrx_word' id='word_1_274' title='bbox 449 3048 579 3117; x_wconf 89' lang='lat' dir='ltr'><strong>Poenos,</strong></span> <span class='ocrx_word' id='word_1_275' title='bbox 595 3046 687 3107; x_wconf 81' lang='lat' dir='ltr'><strong>libum</strong></span> <span class='ocrx_word' id='word_1_276' title='bbox 697 3048 832 3108; x_wconf 88' lang='lat' dir='ltr'><strong>iuvenem</strong></span> <span class='ocrx_word' id='word_1_277' title='bbox 848 3045 982 3112; x_wconf 85' lang='lat' dir='ltr'><strong>adduxit,</strong></span> <span class='ocrx_word' id='word_1_278' title='bbox 1000 3044 1079 3104; x_wconf 87' lang='lat' dir='ltr'><strong>ab-3</strong></span> 
     </span>
     <span class='ocr_line' id='line_1_35' title="bbox 93 3122 1050 3209; baseline 0.008 -31"><span class='ocrx_word' id='word_1_279' title='bbox 93 3127 231 3190; x_wconf 86' lang='lat' dir='ltr'><strong>stractum</strong></span> <span class='ocrx_word' id='word_1_280' title='bbox 250 3150 267 3190; x_wconf 91' lang='lat' dir='ltr'><strong>a</strong></span> <span class='ocrx_word' id='word_1_281' title='bbox 287 3130 368 3192; x_wconf 90' lang='lat' dir='ltr'><strong>Decii</strong></span> <span class='ocrx_word' id='word_1_282' title='bbox 388 3122 476 3208; x_wconf 82' lang='lat' dir='ltr'><strong>Magii</strong></span> <span class='ocrx_word' id='word_1_283' title='bbox 497 3131 603 3202; x_wconf 87' lang='lat' dir='ltr'><strong>latere,</strong></span> <span class='ocrx_word' id='word_1_284' title='bbox 623 3148 691 3190; x_wconf 90' lang='lat' dir='ltr'><strong>cum</strong></span> <span class='ocrx_word' id='word_1_285' title='bbox 712 3149 770 3209; x_wconf 93' lang='lat' dir='ltr'><strong>quo</strong></span> <span class='ocrx_word' id='word_1_286' title='bbox 793 3129 975 3190; x_wconf 81' lang='lat' dir='ltr'><strong>ferocissime</strong></span> <span class='ocrx_word' id='word_1_287' title='bbox 995 3146 1050 3206; x_wconf 94' lang='lat' dir='ltr'><strong>pro</strong></span> 
     </span>
     <span class='ocr_line' id='line_1_36' title="bbox 93 3201 1050 3281; baseline 0.001 -12"><span class='ocrx_word' id='word_1_288' title='bbox 93 3201 221 3272; x_wconf 80' lang='lat' dir='ltr'><strong>Romana</strong></span> <span class='ocrx_word' id='word_1_289' title='bbox 236 3217 374 3276; x_wconf 90' lang='lat' dir='ltr'><strong>societate</strong></span> <span class='ocrx_word' id='word_1_290' title='bbox 394 3214 533 3275; x_wconf 86' lang='lat' dir='ltr'><strong>adversus</strong></span> <span class='ocrx_word' id='word_1_291' title='bbox 547 3215 691 3276; x_wconf 88' lang='lat' dir='ltr'><strong>Punicum</strong></span> <span class='ocrx_word' id='word_1_292' title='bbox 711 3213 815 3274; x_wconf 85' lang='lat' dir='ltr'><strong>foedus</strong></span> <span class='ocrx_word' id='word_1_293' title='bbox 835 3217 971 3281; x_wconf 87' lang='lat' dir='ltr'><strong>steterat,</strong></span> <span class='ocrx_word' id='word_1_294' title='bbox 995 3230 1050 3271; x_wconf 91' lang='lat' dir='ltr'><strong>nec</strong></span> 
     </span>
     <span class='ocr_line' id='line_1_37' title="bbox 94 3297 1159 3380; baseline 0.004 -29"><span class='ocrx_word' id='word_1_295' title='bbox 94 3303 159 3380; x_wconf 61' lang='lat' dir='ltr'><strong>pum</strong></span> <span class='ocrx_word' id='word_1_296' title='bbox 171 3305 222 3357; x_wconf 91' lang='lat' dir='ltr'><strong>aut</strong></span> <span class='ocrx_word' id='word_1_297' title='bbox 233 3298 373 3360; x_wconf 90' lang='lat' dir='ltr'><strong>inclinata</strong></span> <span class='ocrx_word' id='word_1_298' title='bbox 387 3301 419 3358; x_wconf 93' lang='lat' dir='ltr'><strong>in</strong></span> <span class='ocrx_word' id='word_1_299' title='bbox 434 3307 548 3376; x_wconf 87' lang='lat' dir='ltr'><strong>partem</strong></span> <span class='ocrx_word' id='word_1_300' title='bbox 563 3299 685 3360; x_wconf 89' lang='lat' dir='ltr'><strong>alteram</strong></span> <span class='ocrx_word' id='word_1_301' title='bbox 701 3299 801 3358; x_wconf 86' lang='lat' dir='ltr'><strong>civitas</strong></span> <span class='ocrx_word' id='word_1_302' title='bbox 817 3305 867 3358; x_wconf 91' lang='lat' dir='ltr'><strong>aut</strong></span> <span class='ocrx_word' id='word_1_303' title='bbox 881 3297 977 3374; x_wconf 90' lang='lat' dir='ltr'><strong>patria</strong></span> <span class='ocrx_word' id='word_1_304' title='bbox 987 3313 1048 3355; x_wconf 90' lang='lat' dir='ltr'><strong>ma·</strong></span> <span class='ocrx_word' id='word_1_305' title='bbox 1158 3374 1159 3377; x_wconf 8' lang='grc' dir='ltr'><strong>Ἴ</strong></span> 
     </span>
     <span class='ocr_line' id='line_1_38' title="bbox 94 3379 1159 3462; baseline 0.008 -36"><span class='ocrx_word' id='word_1_306' title='bbox 94 3381 178 3435; x_wconf 87' lang='lat' dir='ltr'><strong>restas</strong></span> <span class='ocrx_word' id='word_1_307' title='bbox 192 3384 336 3443; x_wconf 89' lang='lat' dir='ltr'><strong>sententia</strong></span> <span class='ocrx_word' id='word_1_308' title='bbox 353 3381 529 3462; x_wconf 68' lang='lat' dir='ltr'><strong>depulerat.⁴</strong></span> <span class='ocrx_word' id='word_1_309' title='bbox 554 3384 623 3444; x_wconf 89' lang='lat' dir='ltr'><strong>huic</strong></span> <span class='ocrx_word' id='word_1_310' title='bbox 642 3392 704 3444; x_wconf 93' lang='lat' dir='ltr'><strong>tum</strong></span> <span class='ocrx_word' id='word_1_311' title='bbox 721 3390 806 3460; x_wconf 86' lang='lat' dir='ltr'><strong>pater</strong></span> <span class='ocrx_word' id='word_1_312' title='bbox 827 3381 926 3442; x_wconf 85' lang='lat' dir='ltr'><strong>iuveni</strong></span> <span class='ocrx_word' id='word_1_313' title='bbox 938 3379 1077 3439; x_wconf 79' lang='lat' dir='ltr'><strong>Hanni-t</strong></span> <span class='ocrx_word' id='word_1_314' title='bbox 1158 3418 1159 3421; x_wconf 63' lang='lat'><strong>,</strong></span> 
     </span>
     <span class='ocr_line' id='line_1_39' title="bbox 94 3448 1049 3547; baseline -0.001 -27"><span class='ocrx_word' id='word_1_315' title='bbox 94 3448 188 3520; x_wconf 76' lang='lat' dir='ltr'><strong>halem</strong></span> <span class='ocrx_word' id='word_1_316' title='bbox 203 3461 388 3547; x_wconf 88' lang='lat' dir='ltr'><strong>deprecando</strong></span> <span class='ocrx_word' id='word_1_317' title='bbox 402 3468 496 3544; x_wconf 88' lang='lat' dir='ltr'><strong>magis</strong></span> <span class='ocrx_word' id='word_1_318' title='bbox 510 3485 598 3547; x_wconf 86' lang='lat' dir='ltr'><strong>quam</strong></span> <span class='ocrx_word' id='word_1_319' title='bbox 613 3467 766 3547; x_wconf 87' lang='lat' dir='ltr'><strong>purgando</strong></span> <span class='ocrx_word' id='word_1_320' title='bbox 782 3464 921 3546; x_wconf 88' lang='lat' dir='ltr'><strong>placavit,</strong></span> <span class='ocrx_word' id='word_1_321' title='bbox 943 3464 1049 3522; x_wconf 88' lang='lat' dir='ltr'><strong>victus·</strong></span> 
     </span>
    </p>
   </div>
   <div class='ocr_carea' id='block_1_3' title="bbox 0 0 1186 3922">
    <p class='ocr_par' dir='ltr' id='par_1_6' title="bbox 0 0 1186 3922">
     <span class='ocr_line' id='line_1_40' title="bbox 0 0 1186 3922; baseline 0 0"><span class='ocrx_word' id='word_1_322' title='bbox 0 0 1186 3922; x_wconf 95' lang='lat' dir='ltr'><strong> </strong></span> 
     </span>
    </p>
   </div>
  </div>
 </body>
</html>
