2290 3920
42 300 48 309 ,
117 245 180 309 214
298 257 391 300 amun
404 257 468 298 m.
485 256 553 299 car.
571 244 612 296 tt.
628 243 670 296 12.
687 233 727 316 [a.
743 258 773 298 u.
791 257 816 297 c.
833 231 895 316 tao]

117 406 154 468 ab
184 423 217 466 ea
242 411 340 485 parte,
367 423 423 483 qua
444 403 620 483 patelactum
643 402 782 482 oppidum
805 402 898 463 ruinis
917 407 990 473 erat,
1016 419 1060 462 re·

91 489 249 551 elicerent.
292 487 361 548 inde
383 489 561 567 oppugnatio
585 506 635 547 eos
657 485 805 565 aliquanto
832 487 960 547 atrocior
981 502 1060 565 quam

116 579 184 634 ante
199 571 302 633 adorta
324 578 384 648 est3
405 589 475 642 nec,
495 589 552 651 qua
576 572 704 649 primum
720 578 770 630 aut
793 570 974 649 potissimum
986 576 1061 648 parte

116 656 231 717 ferrent
252 672 355 734 opem,
379 674 447 716 cnm
469 655 566 716 omnia
592 655 679 715 variis
701 651 879 714 clamoribus
896 659 1060 732 streperent,

87 741 185 800 isatis
212 741 289 800 scire
310 746 456 820 poterant.
496 739 560 817 ipse
582 736 742 808 Hannibal,
767 755 824 816 qua
845 737 937 797 turris
956 734 1062 796 mobilis

116 824 213 884 omnia
228 826 409 884 munimenta
421 821 503 883 urbis
517 838 660 900 superans
672 820 825 882 altitudine
837 820 987 898 agebatur,
1001 818 1061 880 bor·

116 912 194 968 tator
208 906 320 968 aderat.
354 923 507 986 quaecum
523 905 640 967 admota
656 902 810 984 catapultis
824 902 1004 984 ballistisque
1016 919 1062 982 per

87 991 212 1052 somnia
224 990 350 1050 tabulata
363 989 510 1068 dispositis
521 1006 622 1050 muros
629 987 833 1049 defensoribus
846 988 993 1058 nudasset,
1009 995 1062 1050 tun

114 1071 262 1136 Hannibal
284 1074 468 1133 occasionem
490 1081 572 1133 ratus
587 1074 763 1151 quingentos
788 1072 884 1132 ferme
898 1071 983 1133 Ainos
1005 1087 1062 1131 cum

116 1154 244 1216 dolabris
264 1156 300 1216 ad
317 1155 519 1216 subruendum
534 1155 571 1216 ab
589 1157 649 1217 imo
669 1174 787 1217 murum
808 1157 907 1217 mittit.
940 1173 994 1216 nec
1008 1159 1062 1215 erat

116 1237 233 1299 difficile
243 1257 335 1319 opus,
352 1239 430 1319 quod
446 1246 599 1300 caementa
614 1258 673 1300 non
689 1239 769 1301 calce
784 1238 889 1301 durata
907 1246 1003 1310 erant,
1018 1235 1061 1298 sed

35 1393 41 1398 ,
86 1320 244 1383 aiutcrlita
266 1321 328 1384 luto
347 1331 512 1385 structurae
541 1325 677 1403 antiquae
702 1340 820 1403 genere.
856 1325 956 1404 itaque
976 1321 1060 1389 bdus,

115 1423 203 1486 quam
219 1425 276 1486 qua
296 1408 484 1478 caederetur,
501 1407 619 1478 ruebat,
635 1404 749 1488 perque'
766 1409 898 1487 patentia
914 1407 1006 1468 ruinis
1020 1421 1062 1482 ag·

74 1499 107 1552 10
116 1490 194 1550 mina
211 1499 392 1554 armatorum
410 1493 441 1553 iu
456 1491 561 1552 urbem
579 1490 731 1552 radebant.
762 1490 862 1552 locum
878 1509 994 1572 quoque
1009 1488 1061 1549 edl-

116 1581 177 1634 tum
193 1577 326 1654 capiunt,
349 1577 529 1657 conlatisque
544 1594 578 1636 eo
595 1574 748 1656 catapultis
757 1573 962 1656 ballistisque,
979 1582 1009 1634 ut
1020 1589 1061 1632 ca·

115 1662 284 1724 steHum‘in
306 1662 369 1739 ipsa
390 1659 464 1721 urbe
485 1659 563 1720 velut
581 1677 678 1719 arcem
698 1659 893 1720 inminentem
920 1657 1059 1724 baberent

115 1764 201 1807 muro
225 1743 416 1805 circumdant.
461 1751 491 1803 et
512 1743 665 1819 Saguntini
689 1761 806 1802 murum
842 1744 1013 1804 interiorem
1031 1736 1061 1798 ab

75 1836 103 1885 ι1
116 1829 352 1906 nondum-capta
379 1833 463 1906 parte
485 1826 568 1887 urbis
585 1826 705 1887 ducunt.
742 1827 892 1905 utrimque
914 1822 1062 1887 summan

116 1919 146 1971 et
164 1912 301 1971 muniunt
322 1917 350 1969 et
378 1916 526 1987 pugnant;
552 1909 603 1969 sed
630 1910 771 1971 interiora
791 1910 905 1972 tuendo
929 1910 1060 1971 minorem

73 2001 105 2052 12
116 1996 147 2054 in
162 1993 225 2053 dies
243 1990 347 2053 urbem
364 1993 517 2069 Saguntini
531 1993 650 2054 iaciunt.
678 1991 766 2054 simul
777 1994 887 2055 crescit
897 1993 995 2071 inopia
1008 2007 1059 2049 om·

115 2079 195 2139 nium
208 2076 295 2155 longa
308 2074 461 2135 obsidione
475 2082 504 2136 et
515 2077 656 2136 minuitur
670 2078 833 2155 expectatio
843 2086 984 2139 externae
996 2074 1058 2153 opis

115 2180 182 2224 cum
199 2170 257 2222 tam
270 2158 374 2240 procul
387 2159 527 2229 Romani,
544 2160 629 2220 unica
641 2177 723 2239 spes,
736 2162 814 2222 circa
827 2164 929 2222 omnia
945 2160 1058 2222 bostium

74 2251 104 2302 13
115 2255 223 2307 essent.
255 2244 408 2325 pauli-per,
420 2250 518 2305 tamen
533 2243 663 2305 adiectos
674 2245 788 2305 animos
803 2246 951 2306 recreavit
964 2255 1057 2321 repen·

113 2331 174 2390 tina
188 2329 333 2409 profectio
347 2326 518 2389 Hannibalis
542 2329 571 2387 in
588 2326 732 2389 Oretanos
747 2328 999 2408 Carpetanosque,
1017 2321 1057 2402 qul

114 2414 172 2474 duo
188 2412 288 2493 populi
302 2411 424 2473 dilectus
438 2411 597 2473 acerbitate
613 2413 792 2473 consternati
810 2413 936 2472 retentis
951 2405 1057 2486 conqui-

113 2497 252 2559 sitoribus
273 2505 384 2558 metum
410 2495 582 2558 delectionis
605 2514 673 2557 cum
691 2495 912 2576 praebuissent,
939 2488 1056 2574 oppressi

87 2581 264 2645 lceleritate
284 2579 456 2642 Hannibalis
476 2581 639 2642 omiserunt
665 2587 746 2641 mota
773 2597 864 2642 arma.
910 2578 971 2642 xit
1006 2573 1056 2635 th

113 2665 236 2743 Sagunti
262 2666 441 2743 oppugnatio
469 2665 589 2743 segnior
614 2672 678 2725 erat
699 2662 869 2726 Maharbale
896 2657 1054 2724 Himilconis

111 2747 1054 2827 tilio—eumpraefeceratHannibal-itaiupigreremagente

86 2838 146 2890 aut
169 2829 273 2890 ducem
295 2830 398 2892 abesse
420 2850 476 2891 nec
499 2832 576 2891 cives
596 2849 652 2893 nec
673 2832 774 2893 hostes
799 2831 968 2892 sentirent-
992 2827 1054 2886 isat

110 2912 223 2994 proelia
241 2911 350 2992 aliquot
365 2913 493 2975 secunda
509 2914 592 2985 iecit,
616 2924 645 2976 et
661 2914 755 2977 tribus
776 2912 917 2977 arietibus
938 2911 1052 2990 aliquan

110 3007 173 3061 turn
188 2998 267 3060 muri
282 2998 431 3068 discussit,
450 3005 599 3077 strataque
612 3001 709 3060 omnia
725 2999 894 3061 recentibus
908 2996 1000 3059 ruinis
1011 2987 1051 3052 td·

85 3083 242 3145 avenioni
259 3081 415 3143 Hannibali
437 3081 574 3143 ostendit.
613 3085 712 3163 itaque
735 3084 772 3144 ad
793 3085 887 3163 ipsam
903 3097 999 3143 arcem
1012 3090 1051 3134 ct·

110 3169 219 3245 templo
232 3168 335 3228 ductus
347 3169 500 3238 exercitus,
518 3175 659 3247 auosque
669 3167 814 3246 proelium
826 3185 892 3243 cum
905 3162 1048 3226 multorum

110 3251 257 3326 utrimque
273 3250 363 3310 caede
380 3252 485 3311 initum
502 3260 532 3312 et
545 3270 614 3330 pars
629 3252 705 3311 arcis
722 3260 806 3330 capta
822 3259 876 3313 est.

83 3336 99 3383 4
170 3329 323 3405 Temptata
335 3333 441 3393 deinde
458 3352 513 3413 per
524 3335 597 3395 duos
610 3343 654 3397 est
669 3335 772 3412 exigua
784 3337 865 3414 pacis
880 3350 962 3412 spes,
977 3326 1050 3389 Alto·

109 3409 385 3502 nemssdguntinum
404 3425 433 3476 et
447 3416 584 3478 Alorcum
598 3419 770 3497 Hispanum.
802 3419 874 3479 Alco
893 3415 991 3475 insciis
1006 3408 1049 3468 St·
1130 3472 1131 3491 ,

109 3496 253 3561 gonnors,
272 3496 409 3567 precibus
425 3497 534 3577 aliquid
546 3510 695 3562 moturum
707 3510 800 3572 retus,
819 3520 886 3562 cunr
902 3500 937 3560 ad
952 3488 1048 3558 Hanni·
1130 3500 1131 3575 J

1053 3810 1131 3873 Q]
