2350 3922
232 192 325 239 umus
337 194 415 235 nu.
439 193 507 234 cnr.
525 180 567 231 28.
582 180 625 233 29.
645 133 684 254 [a.
702 175 736 236 O.
751 172 813 255 217]
940 177 1002 240 287

61 340 91 402 ud
111 339 305 403 obsistendum
332 342 402 403 setis
426 339 551 410 sciebat,
579 339 763 401 contrahere.
815 358 885 419 ager
909 340 1031 401 omnisn

59 424 161 486 medius
175 432 237 486 erat
250 426 346 505 prima
360 425 458 504 specie
473 423 585 485 inutilis
598 423 774 492 insidiatori,
790 426 857 503 quta
869 441 929 484 non
940 441 1003 483 mo·

60 507 91 568 do
111 507 238 570 silvestre
254 510 422 588 quicquam,
446 505 498 568 scd
520 525 558 568 ne
580 506 717 587 vepribus
730 505 849 584 quidem
867 507 1002 571 vestitum

60 590 186 662 ruebat,
211 611 246 653 re
261 594 324 671 ipsa
342 599 427 653 natus
450 591 584 670 tegendis
598 590 726 659 insidiis,
748 607 783 649 eo
798 591 905 667 magis,
927 589 1033 667 qundo

59 676 83 733 in
97 675 167 738 nuda
182 675 256 737 valle
270 674 349 737 nulia
372 675 437 737 talis
452 676 533 737 fraus
547 676 645 735 timeri
664 680 789 753 poterat.
823 680 855 734 et
869 679 953 733 erant
973 674 1003 732 in

23 802 25 805 ψ
60 758 225 821 anfractibus
243 778 330 821 cavae
349 777 453 839 rupeS,
477 767 510 821 ut
531 757 674 838 quaedam
696 775 797 818 earttm
814 756 942 818 ducenos
957 774 1003 817 ar·

60 849 139 904 natos
151 850 272 922 possent
287 861 403 922 capere.
433 844 464 903 in
481 843 536 904 bas
550 841 689 912 latebras,
714 847 785 919 quot
799 857 945 921 quemque
961 837 1003 899 lo·
1016 847 1032 897 7

61 942 115 986 cum
128 934 192 1006 apte
206 927 337 988 insidere
353 934 505 1007 poterant,
528 927 656 1005 quinque
670 923 751 985 milia
766 923 933 986 conduntur
953 940 1004 1002 pe·

61 1006 138 1070 diurn
153 1013 351 1091 equitumque.
383 1009 490 1071 necubi
512 1016 611 1070 tamen
632 1016 682 1070 aut
700 1017 798 1070 motus
819 1007 940 1068 alicuius
962 1013 1035 1066 tte-8

61 1097 258 1174 nere-egressi
280 1101 331 1155 aut
349 1094 447 1173 iulgor
471 1111 621 1155 armorum
644 1092 776 1155 fraudem
797 1093 829 1152 in
850 1089 1005 1152 valletam

61 1184 146 1252 aperta
159 1178 324 1258 detegeret,
346 1179 442 1239 missis
457 1178 557 1257 paucis
577 1178 673 1256 prima
687 1175 753 1237 lnce
767 1175 804 1237 ad
820 1174 1003 1254 capiendum,

60 1275 132 1335 quem
140 1270 205 1322 ante
213 1262 355 1331 diximus,
367 1260 513 1322 tumulum
524 1261 627 1321 avertit
635 1258 735 1320 oculos
746 1260 884 1320 bostium.
907 1260 1035 1338 primot)
1152 1254 1153 1261 ’

60 1345 142 1404 atatim
159 1354 321 1425 conspectu
335 1351 502 1423 contempta
521 1345 666 1423 paucitas,
690 1360 726 1402 ac
740 1342 796 1402 sibi
814 1343 936 1421 quisque
954 1342 1005 1402 de·

60 1441 166 1502 poscere
184 1428 341 1509 pellendos
361 1427 432 1488 inde
451 1427 545 1488 hostis
560 1444 595 1486 ac
613 1424 713 1485 locum
731 1424 922 1503 capiendum
947 1424 1006 1485 dux

60 1507 112 1586 ipse
128 1513 203 1581 inter
221 1511 428 1581 stolidissimos
448 1511 704 1587 ferocissimosque
725 1507 761 1568 ad
783 1524 864 1569 arma
878 1515 963 1580 vocat
977 1514 1006 1566 et

61 1596 127 1655 tanis
150 1598 256 1658 animis
280 1605 310 1657 et
329 1596 419 1657 minis
435 1597 569 1674 increpat
587 1594 711 1654 hostem.
744 1591 890 1671 principio
911 1589 1050 1650 13131311
1152 1662 1153 1665 Ἴ

62 1686 220 1747 armaturam
232 1680 370 1755 dimittit,
389 1678 495 1740 deiude
507 1677 640 1751 conferto
653 1676 768 1754 agmine
779 1674 869 1736 mittit
883 1674 1004 1753 equites,

61 1769 207 1836 postremo,
234 1782 305 1825 cum
332 1762 465 1824 hostibus
485 1778 601 1841 quoque
624 1757 753 1820 subsidia
782 1758 859 1819 mitti
883 1756 1003 1828 videret,

61 1839 194 1908 instructis
216 1846 385 1926 legionibus
405 1845 548 1924 procedit.
587 1852 618 1904 et
638 1842 784 1904 Hannibal
804 1841 1046 1903 laborantibnslt
1152 1856 1153 1859 ’

62 1927 175 1993 3113113
190 1939 281 2013 atque
297 1929 352 1991 3113
372 1937 405 1990 ut
422 1935 573 1990 crescente
590 1928 750 1988 certamine
765 1927 885 1988 mittens
900 1924 1005 1987 auxilia

22 2084 23 2087 Ἴ
61 2011 175 2085 peditum
187 2016 380 2095 equitumque
394 2014 452 2074 iarn
464 2014 569 2073 iustam
585 2010 751 2092 expleverat
764 2012 872 2080 aciem,
890 2028 923 2071 ac
938 2010 1006 2069 tntis

61 2095 192 2177 utrimque
204 2097 317 2161 vhibus
331 2104 470 2158 certatur.
502 2098 598 2176 prima
612 2095 684 2156 levis
699 2102 846 2156 armatura
859 2094 1049 2158 Romano-12

62 2190 130 2250 tum,
152 2189 400 2261 praeoccupatum
421 2181 561 2241 interiore
582 2178 647 2239 loco
666 2178 827 2257 succedens
852 2175 1005 2244 tumulum,

62 2259 132 2334 puna
146 2264 323 2345 detrusaque
337 2271 483 2325 terrorem
498 2265 529 2322 in
544 2262 750 2322 succedentem
765 2259 864 2320 intulit
878 2260 1006 2338 equitem

63 2347 87 2400 et
99 2346 131 2406 ad
144 2350 224 2427 signa
240 2348 390 2425 legionum
404 2346 520 2423 refugit.
551 2344 682 2424 peditum
697 2345 775 2404 acies
793 2345 871 2403 inter
886 2341 1003 2421 percul·
1017 2347 1050 2400 13

63 2440 103 2485 tm
118 2430 250 2511 inpavida
265 2431 326 2492 sota
348 2438 425 2501 erat,
443 2428 668 2507 videbaturque,
689 2429 714 2486 si
735 2429 811 2487 iusta
833 2444 867 2488 ac
887 2428 912 2486 si
925 2432 1007 2487 recta

66 2521 148 2587 hugus
156 2525 246 2587 esset,
258 2515 483 2594 haudquaquam
495 2514 580 2591 inpar
591 2512 704 2572 sutura:
716 2518 830 2570 tantum
842 2511 1007 2570 animorum

65 2587 162 2658 iecerat
178 2616 323 2679 prospere
343 2605 410 2659 ante
431 2613 541 2675 paucos
560 2595 622 2656 dies
642 2611 692 2655 res
710 2603 800 2671 gesta.
835 2592 888 2654 sed
911 2594 1049 2653 31311111

63 2687 171 2754 repente
182 2683 369 2744 insidiatores
384 2700 451 2742 eum
465 2677 621 2741 tumultum
640 2684 846 2756 terroremque
865 2678 896 2736 in
916 2675 1008 2736 131313

64 2760 244 2844 cumquest
259 2773 402 2845 tergoque
413 2766 598 2825 incursantes
611 2762 761 2830 iecerunt,
777 2768 810 2822 ut
824 2778 879 2821 neo
894 2761 1008 2822 animus

64 2838 94 2899 td
118 2863 241 2927 pugnam
266 2866 362 2928 neque
386 2848 422 2909 ad
451 2847 550 2925 sugam
575 2864 643 2925 spes
670 2847 805 2925 cuiquam
831 2851 1006 2924 superesset.

65 2916 153 2990 XXIX.
181 2932 256 2995 Tum
268 2932 376 2994 Fabius
386 2932 483 3010 primo
495 2929 623 2991 clamore
636 2930 802 3009 paventium
814 2929 926 2999 audito,
939 2928 1006 2988 dein
1019 2932 1033 2982 1
1151 2918 1152 2921 ’

66 3019 209 3090 conspecta
219 3014 323 3096 procul
337 3015 452 3077 turbata
465 3016 541 3082 acie,
558 3016 625 3084 „ita
637 3021 716 3085 est“‚
733 3015 764 3073 in
786 3013 843 3081 uit,
859 3029 944 3082 „non
959 3027 1007 3070 ce·

64 3082 145 3176 Lflfius
159 3116 245 3178 333111
259 3100 345 3162 timui
360 3089 646 3178 (1333131111311333
664 3033 1037 3157 temerrhtem.h'a51us2

65 3184 192 3267 aequatus
212 3185 336 3264 imperto
349 3181 512 3244 Hannibae
564 3201 581 3243 e
612 3199 688 3241 viru
702 3200 717 3240 e
733 3187 762 3240 et
795 3185 899 3238 ortuna
920 3193 1008 3255 supe·

65 3267 163 3352 rlttrem
177 3266 262 3329 ridet.
297 3267 349 3328 sed
370 3265 449 3327 aliud
469 3266 605 3344 iurgandi
625 3262 872 3342 suscensendique
893 3268 1009 3340 tempus

65 3347 126 3401 eut:
148 3362 224 3409 nunc
245 3353 328 3428 signa
351 3357 432 3411 extra
452 3348 558 3421 nahum
577 3349 718 3429 proferte.
763 3346 911 3406 victoriam
932 3345 1009 3405 hosti

65 3429 294 3508 extorqueamus,
310 3433 526 3497 confessionem
544 3436 654 3495 erroris
671 3431 812 3493 civibus.‘⁴
827 3431 887 3491 iam
904 3434 1038 3508 magnas
