2350 3922
277 216 369 271 druna
383 231 459 271 xxu.
474 230 541 271 car.
557 218 600 271 33.
618 219 660 271 34.
676 210 714 290 [e.
733 215 767 275 0.
784 211 844 295 217]
980 219 1040 286 ‘391

146 374 274 437 XXXIII.
309 376 367 436 Per
394 376 512 438 eosdem
540 377 602 438 dias
627 378 793 457 speculator
820 380 1071 459 Carthaginien.
1153 454 1154 457 Ἴ

90 461 140 530 sts,
155 461 204 539 qui
222 477 278 538 per
293 459 443 520 biennium
465 459 622 532 fefellerat,
645 461 755 524 Romae
777 462 939 541 deprensus
953 475 1068 544 pree-2
1153 530 1154 533 Ἴ

89 544 210 622 cislsque
226 542 363 604 manibus
378 544 528 614 dimissus,
552 551 580 605 et
602 547 679 606 servi
699 548 828 625 quinque
844 554 872 607 et
894 549 995 626 viginti
1009 550 1040 609 in
1153 600 1154 605 ,

90 628 292 697 crucemaeti,
314 627 391 707 quod
415 629 446 687 in
468 645 572 707 campo
586 629 690 690 Martio
705 631 925 698 coniurassent:
950 632 1039 692 Indici

90 710 150 771 data
169 709 292 772 libertas
314 719 344 771 et
369 713 446 773 aeris
466 714 564 790 grauis
583 713 687 791 viginti
712 712 802 775 milia.
841 713 929 793 legati
949 723 978 775 et
1005 715 1069 776 ad3
1114 735 1117 739 ·

87 793 251 874 Philippum
265 794 457 856 Macedonum
473 801 574 873 regem
590 797 673 858 missi
694 797 731 858 ad
749 797 968 876 deposcendum
984 798 1040 858 lie-
1153 806 1154 861 f

87 881 221 955 mettium
242 878 397 947 Pharium,
421 880 471 958 qni
490 878 567 940 bello
588 882 680 941 victus
701 880 738 941 ad
757 899 824 942 enm
845 882 983 959 fugisset,
1009 890 1067 943 etl

88 960 132 1022 elii
146 964 176 1023 in
196 963 323 1042 Ligures
343 963 379 1023 ad
401 961 661 1042 expostulandum,
685 965 762 1044 quod
781 965 913 1026 Poenum
937 965 1041 1045 opibus
1153 968 1154 971 ’

87 1045 256 1127 auxiliisque
275 1048 336 1107 suis
358 1047 513 1117 iuvissent,
533 1046 621 1109 simul
642 1049 679 1109 ad
698 1048 850 1110 visendum
871 1067 905 1109 ex
921 1052 1041 1129 propin·
1153 1050 1154 1063 ¹

88 1146 154 1210 quo,
176 1149 253 1211 quae
273 1131 304 1190 in
320 1130 389 1191 Bois
411 1137 497 1211 atque
519 1130 692 1194 Insubribus
716 1140 899 1212 gererentur.
939 1134 975 1194 ad
995 1133 1070 1194 Pit

88 1229 169 1274 neum
189 1230 308 1295 qnoque
336 1232 436 1293 regem
463 1216 495 1275 in
520 1214 635 1294 Illyrios
655 1216 743 1294 legati
767 1218 848 1281 missi
871 1217 908 1278 ad
931 1219 1041 1304 stipen-

88 1294 175 1368 dium,
191 1300 278 1360 euius
292 1297 356 1359 dies
374 1299 496 1369 exierat,
511 1299 690 1377 poscendum
703 1307 766 1370 aut,
781 1303 806 1360 si
818 1301 894 1362 diem
906 1302 1043 1381 prolerre
1153 1314 1154 1357 ;

88 1380 181 1452 vellet,
210 1378 329 1443 obsides
354 1382 549 1461 accipiendos.
595 1383 682 1452 adeo,
715 1384 769 1443 etsi
798 1383 909 1445 bellum
938 1387 1071 1462 ingensd

87 1463 114 1522 in
127 1465 290 1527 cerdeibus
313 1473 391 1537 erat,
408 1465 516 1527 nullius
530 1483 653 1545 usquam
663 1474 815 1527 terrarum
838 1469 883 1526 rei
897 1486 968 1527 cura
984 1468 1042 1529 Ro·
1153 1514 1154 1521 ,

88 1562 197 1620 manns,
219 1567 258 1610 ne
280 1547 440 1628 longinqua
460 1549 592 1629 quidem,
616 1548 781 1627 effugiebat.
823 1551 854 1609 in
870 1549 1069 1628 religionemt
1153 1562 1154 1609 1

88 1631 383 1713 etiamupenitjedem
396 1633 592 1702 Concordiae,
610 1651 698 1713 mam
711 1651 766 1712 per
777 1632 952 1695 seditionem
963 1633 1042 1693 mili-

42 1757 45 1761 .
88 1718 172 1775 tarem
191 1716 314 1780 biennio
339 1724 406 1777 ante
424 1717 456 1779 i.
473 1715 595 1778 blanlius
616 1724 736 1796 praetor
756 1718 787 1776 in
803 1716 893 1779 Gellia
910 1718 1040 1788 vovisset,

87 1792 204 1860 beatem
235 1800 271 1862 ed
303 1800 334 1862 id
363 1808 479 1880 tempus
507 1818 565 1860 non
598 1818 677 1862 esse:
710 1803 807 1879 itaque
836 1801 981 1869 duuvari
1007 1801 1070 1861 ade
1153 1846 1154 1871 2

90 1895 147 1942 eam
170 1902 234 1946 rem
259 1886 353 1945 creati
374 1902 391 1944 a
415 1886 454 1945 M.
476 1882 598 1945 Aemilio
625 1890 762 1966 praetore
787 1885 853 1946 urb.
876 1885 907 1946 C.
933 1884 1044 1965 Pupius

89 1967 115 2101 pt
134 1965 222 2029 Caeso
244 1968 398 2040 Quinctius
420 1967 603 2029 Flamininus
627 1968 729 2029 aedem
750 1970 780 2029 in
795 1987 862 2030 arce
878 1969 1041 2030 faciendam

99 2059 260 2112 oraverunt.

146 2133 188 2194 Ab
209 2136 315 2197 eodem
341 2143 479 2215 praetore
504 2154 539 2196 ex
564 2135 836 2198 senatusconsulto
863 2135 978 2195 litterae
1005 2135 1070 2196 adt
1153 2206 1154 2209 Ἴ

90 2216 218 2279 eonsules
231 2221 356 2289 missae,
374 2227 421 2290 ut,
437 2221 461 2279 si
477 2220 513 2280 iis
527 2218 692 2288 videretur,
709 2219 783 2280 alter
800 2236 901 2279 eorum
919 2218 954 2279 ad
971 2236 1041 2279 con-

90 2295 161 2358 sules
179 2302 325 2364 creandos
346 2302 468 2364 Romam
487 2302 617 2362 veniret:
643 2320 675 2362 se
698 2304 729 2362 iu
750 2319 814 2361 eam
836 2301 930 2372 diem,
954 2321 1041 2381 quam

89 2376 248 2456 laesissent,
274 2387 391 2447 comitia
402 2385 582 2446 edicturum.
617 2384 745 2446 adhaec
764 2401 785 2444 a
805 2383 974 2447 consulibus
991 2403 1038 2445 re·
1052 2393 1083 2443 10

87 2466 239 2544 seriptum,
256 2471 321 2530 sine
338 2469 513 2530 detrimento
528 2470 573 2528 rei
593 2466 728 2547 publicae
744 2467 863 2529 abscedi
879 2486 938 2528 non
954 2488 1040 2548 posse
1153 2498 1154 2523 1

92 2543 124 2605 tl)
145 2549 244 2626 hoste;
276 2554 374 2632 itaque
397 2571 450 2631 per
471 2555 652 2630 interregem
678 2553 794 2611 comitia
816 2550 951 2612 habenda
976 2570 1040 2612 esse
1153 2612 1154 2617 ,

47 2691 50 2699 ,
91 2631 198 2704 retius,
218 2655 307 2718 quam
327 2635 428 2698 consul
449 2635 524 2697 alter
544 2655 560 2698 a
584 2634 662 2699 bello
683 2642 863 2697 evocaretur.
904 2634 1039 2713 patribus
1052 2643 1080 2693 11

93 2716 195 2778 rectius
215 2723 309 2782 vbum
330 2728 375 2782 est
396 2720 568 2783 dictatorem
594 2738 610 2780 a
634 2717 754 2779 consule
776 2718 834 2778 dIci
855 2719 1040 2779 comitiorum
1153 2774 1154 2777 ,

93 2791 289 2866 habendorum
305 2821 400 2865 causa.
430 2804 524 2866 dictus
539 2805 572 2864 L.
588 2803 724 2865 Veturius
739 2800 833 2863 Philo.
863 2802 902 2863 Μ.
915 2803 1039 2882 Pompo·
1153 2818 1154 2875 3

94 2877 169 2963 nium
182 2885 349 2949 Mathonem
361 2889 533 2966 magistrum
545 2889 674 2967 equitum
690 2886 770 2947 dixit.
799 2887 835 2946 iis
849 2888 918 2947 vitio
934 2888 1039 2947 creatis
1052 2893 1083 2943 12
1153 2892 1154 2951 ᾗ

93 2957 228 3046 iussisque
248 2972 295 3032 die
317 2979 421 3052 quarto
444 2970 558 3039 decimo
578 2989 610 3031 se
631 2972 803 3049 magistratu
818 2970 970 3042 abdicare,
992 2989 1042 3031 res
1153 3002 1154 3024 a

95 3042 127 3102 ad
141 3047 340 3134 iuterregnum
355 3055 452 3115 rediit.
495 3054 620 3116 XXXIV.
651 3053 825 3116 Consulibus
841 3061 996 3133 progatum
1011 3055 1041 3113 In
1054 3061 1066 3111 1
1153 3094 1154 3097 ,

95 3140 196 3195 annum
217 3139 383 3219 imperium.
418 3140 582 3217 interreges
601 3137 709 3219 prediti
729 3145 795 3197 sunt
817 3155 834 3198 a
855 3124 987 3216 patribus
1008 3138 1039 3199 C.
1153 3168 1154 3177 κ

96 3205 222 3305 blandius
242 3224 318 3302 Appi
336 3222 414 3283 filius
434 3223 540 3292 Cento,
562 3223 631 3282 iude
646 3223 679 3283 P.
702 3219 856 3283 Cornelius
877 3221 975 3282 Asina.
1010 3223 1042 3281 in

96 3305 152 3354 erus
170 3300 339 3385 interregno
361 3307 480 3367 comitIa
502 3305 600 3366 habita
623 3323 729 3383 magne
745 3305 906 3365 certamine
923 3313 1040 3382 patrum
1153 3304 1154 3307 ’

97 3386 127 3431 ³ss
133 3378 231 3453 plebis.
257 3390 437 3451 C.Terentio
448 3390 582 3457 Varroni,
593 3406 679 3467 quem
692 3389 737 3449 sui
749 3390 866 3466 generis
879 3389 1037 3458 hominem,
1053 3397 1081 3485 21
1153 3396 1154 3403 ’

96 3452 170 3529 Plebi
182 3466 372 3534 insectatione
388 3473 556 3552 principum
577 3472 825 3552 popularibusque
844 3471 955 3533 arthus
971 3490 1040 3532 con·
1072 3488 1077 3589 Ι·
1153 3503 1154 3517 κ

789 3560 850 3621 19*
