2350 3922
249 231 343 273 urana
359 228 449 275 xxm.
466 231 535 275 oar.
551 221 595 275 42.
611 221 655 275 43.
673 212 713 294 [a.
732 213 842 296 (1.215]
963 184 1024 284 363

65 380 215 463 praetoris
225 379 311 442 unius
324 385 353 438 et
363 379 446 458 parri
456 379 493 440 ad
504 376 642 441 tuendam
650 380 753 442 Nolam
764 381 907 460 praesidii
915 381 1023 460 praede

3 516 5 521 .
65 482 185 534 sumus;
201 465 260 527 tam
275 481 313 522 ne
329 462 532 542 manipulatim
547 465 682 546 quidem,
702 464 754 526 sed
769 466 917 527 latronum
933 464 1021 527 mede

3 608 5 611 ,
64 554 246 629 percursant
263 548 330 608 totis
344 545 452 608 tlnibus
466 549 575 611 nostris
595 546 811 627 neglegentius,
832 567 919 629 quam
943 551 969 610 si
993 551 1024 610 iu

64 633 202 694 Romano
221 637 398 710 vagarentur
418 648 499 710 agro.
536 649 623 694 causa
643 641 741 693 autem
765 633 838 694 haec
864 640 921 704 est,
943 632 1064 712 quodni

64 734 166 796 neque
180 722 211 776 tu
227 712 361 775 defendis
371 722 401 775 et
415 722 516 777 nostra
529 717 679 786 iuventus,
697 735 785 797 qnae,
802 718 828 776 si
842 716 922 778 domi
937 724 1022 787 esset,

5 796 7 799 ’
64 808 229 870 tutaretur,
243 800 338 859 omnis
352 794 407 860 sub
419 800 510 877 signis
524 798 629 861 militat
641 802 708 862 tuis.
747 807 802 861 nec
820 807 853 861 te
867 818 923 861 nec
939 807 1066 860 exer-12
1169 808 1170 825 ³

4 946 6 949 ,
65 886 159 945 citum
176 892 258 944 tuum
273 884 386 953 norim,
411 884 481 954 nisi,
504 903 520 944 a
541 902 599 963 quc
620 891 665 944 tet
687 885 765 945 acies
783 884 931 945 Romanas
946 884 1025 944 fusas

64 976 233 1046 stratasque
248 984 312 1028 esse
328 969 436 1038 sciam,
455 969 482 1027 ei
498 966 582 1029 facile
598 985 662 1028 esse
675 967 771 1035 dicam
788 968 956 1048 opprimere
971 986 1023 1046 pe·
1047 1008 1048 1011 κ

65 1050 221 1132 pulatores
235 1058 352 1112 nestros
367 1067 455 1128 vagos
470 1052 534 1112 sine
551 1052 643 1130 siguis
656 1051 782 1132 palatos,
804 1071 865 1133 quo
878 1070 1024 1132 quemque

64 1135 161 1197 trahit
173 1135 305 1214 wamiis
318 1152 390 1197 vana
406 1134 533 1214 praedae
549 1153 625 1216 spes.
651 1135 842 1198 Numidarum
860 1142 1045 1215 paucoruml

65 1219 111 1283 illi
132 1217 251 1298 quidem
273 1219 383 1297 praeda
400 1228 500 1290 eruut,
522 1219 760 1300 praesidiumque
781 1218 868 1282 simul
886 1219 972 1282 nobis
994 1231 1023 1280 et

65 1302 161 1366 Nolae
178 1301 339 1371 ademeris,
363 1302 504 1373 simodo,
527 1320 601 1382 quos
614 1312 649 1363 ut
664 1306 758 1364 socios
773 1304 900 1366 haberes
920 1304 1024 1383 dignos

66 1387 191 1457 duxisti,
218 1385 297 1447 baud
316 1385 454 1463 indiguos
475 1385 601 1456 iudicas,
628 1405 701 1465 quos
725 1387 756 1447 in
771 1388 865 1448 ‘fidem
889 1396 1024 1467 receptos

66 1472 209 1532 tuearis.“

131 1553 230 1616 XLlll.
260 1552 304 1615 dd
320 1571 354 1614 ea
367 1552 515 1615 Hannibal
528 1553 693 1632 respoudit,
713 1554 811 1613 omnia
826 1551 913 1612 simul
927 1552 1024 1613 iacere
1039 1560 1050 1608 1

66 1639 210 1718 Hirpinos
231 1638 450 1716 Samnitesque:
472 1645 502 1698 et
519 1636 651 1699 iudicare
671 1636 770 1698 clades
790 1654 857 1697 suas
878 1645 908 1696 et
922 1643 1025 1714 petere

65 1721 248 1804 praesidium
268 1729 297 1780 et
312 1723 397 1801 queri
413 1721 582 1783 indefensos
597 1739 629 1781 se
642 1719 861 1800 neglectosque.
893 1719 1053 1779 indicant

68 1807 142 1867 dum
160 1811 258 1866 autem
277 1807 404 1884 primum
424 1804 529 1875 inisse,
557 1798 811 1883 deiu'petendum
836 1803 1023 1882 praesidium,

65 1898 233 1971 postremo,
249 1889 278 1949 ni
292 1890 503 1968 inpetraretnr,
527 1896 588 1949 tum
611 1887 736 1968 denique
758 1885 942 1967 querendum
962 1886 1025 1947 iru-

68 1982 130 2035 stra
144 1990 231 2051 opem
248 1971 433 2051 inploratam.
460 1974 621 2035 exercitum
636 1990 701 2034 sese
717 1989 776 2032 nou
790 1974 821 2033 in
837 1988 941 2050 agrum
957 1970 1023 2032 Hir·
1036 1978 1052 2028 3

67 2059 172 2137 pinum
184 2056 393 2126 Samnitemve,
409 2073 447 2116 ne
461 2056 562 2134 etipse
576 2058 661 2117 oneri
671 2064 761 2126 esset,
778 2057 830 2116 sed
845 2057 877 2115 in
891 2057 1024 2134 proxima

69 2141 133 2201 ioca
150 2138 296 2201 sociorum
309 2138 412 2219 populi
425 2140 550 2201 Romani
564 2140 768 2201 adducturum.
799 2140 835 2196 iis
851 2136 1025 2215 populandis

69 2233 100 2285 et
114 2223 237 2285 militem
252 2241 338 2283 suum
353 2222 536 2301 repleturum
550 2241 583 2284 se
598 2231 628 2283 et
637 2230 718 2284 metu
733 2220 836 2301 procui
852 2219 890 2281 ,ab
905 2222 941 2279 iis
955 2219 1022 2279 sub·

69 2315 218 2368 moturum
233 2305 334 2367 hostis.
369 2306 448 2384 quod
465 2305 502 2366 ad
518 2305 629 2367 bellum
645 2306 809 2365 Romanum
829 2302 983 2373 adtineret,
999 2304 1054 2364 sit

66 2392 267 2452 Trasumenni
289 2408 376 2469 quarn
401 2388 541 2459 Trebiae,
569 2390 594 2450 si
615 2388 781 2451 Cannarum
803 2405 891 2466 quam
915 2387 1023 2447 Trasu-

69 2475 172 2535 menni
185 2488 283 2553 pugna
300 2472 428 2537 nobilior
443 2480 535 2542 esset,
553 2472 719 2535 Cannarum
734 2490 767 2532 se
782 2487 897 2550 quoque
911 2487 1022 2530 memo-

68 2560 145 2618 riam
159 2555 314 2620 obscuram
330 2558 441 2618 maiore
456 2564 485 2617 et
496 2556 622 2618 clariore
639 2555 760 2617 victoria
775 2554 930 2616 facturum.
957 2562 1053 2613 cume

68 2642 128 2703 boc
147 2658 290 2720 responso
312 2640 542 2721 muneribusque
564 2638 668 2718 amplis
682 2638 793 2717 legatus
815 2637 936 2705 dimisit:
961 2637 1024 2714 ipse

67 2724 218 2805 praesidio
231 2724 348 2789 modico
363 2723 467 2786 relicto
486 2723 518 2785 in
535 2722 638 2785 Tifatis
655 2721 804 2801 profectus
825 2728 924 2782 cetero
941 2737 1025 2780 exer·

69 2811 131 2871 citu
145 2810 190 2869 ire
204 2807 308 2872 Nolam
324 2810 429 2888 pergit.
461 2805 564 2868 eodem
579 2807 683 2868 Hanno
697 2825 734 2867 ex
747 2806 859 2867 Bruttis
874 2823 941 2866 cum
956 2820 1025 2881 sup·
1037 2810 1054 2860 t-

68 2891 404 2972 piementoCarthagine
415 2892 535 2953 advecto
547 2888 902 2970 atqueelepbantisvenit.
922 2889 1025 2950 castris

68 2974 150 3036 haud
165 2975 270 3055 procul
288 2978 390 3057 positis
407 2975 495 3054 longe
518 2974 572 3035 alia
588 2975 686 3035 omnia
705 2973 868 3053 inquirenti
884 2979 1025 3051 conperta

65 3066 154 3129 sunt,
171 3076 259 3138 quam
274 3078 349 3138 quae
366 3058 499 3139 elegatis
513 3059 661 3120 sociorum
676 3057 817 3118 audierat.
858 3055 932 3116 nibil
947 3055 1052 3115 enimn

67 3140 227 3205 llarcellus
236 3144 277 3204 ita
289 3151 403 3221 egerat,
417 3153 450 3204 ut
460 3151 510 3203 aut
523 3142 658 3204 fortunae
670 3148 719 3202 aut
730 3147 841 3200 temere
856 3139 934 3201 hosti
945 3154 1024 3199 com·

67 3227 193 3298 missum
216 3226 275 3286 dici
294 3233 409 3307 posset:
435 3224 586 3304 explorato
614 3242 683 3287 curn
695 3224 847 3302 firmisque
871 3221 1026 3301 praesidiis

66 3317 134 3370 tuto
155 3316 279 3389 receptu
299 3309 472 3389 praedatum
492 3311 581 3380 ierat,
604 3310 759 3386 omniaque
780 3304 860 3366 velut
888 3305 1027 3366 aduersus

67 3400 259 3473 praesentem
282 3392 476 3454 Hannibalem
497 3399 582 3454 cauta
601 3389 775 3471 provisaque
794 3388 922 3451 fuerant.
955 3394 1056 3458 tumn

67 3474 124 3538 ubi
137 3478 229 3537 sensit
242 3477 358 3539 hostem
373 3476 545 3547 adventare,
569 3477 669 3557 copias
688 3477 766 3536 iutra
781 3474 898 3537 incenia
914 3473 1025 3541 tannim
