2280 3926
251 256 343 298 nrnnn
357 258 400 298 rx.
414 257 483 299 nnn.
497 246 540 299 25.
558 245 600 299 26.
618 236 658 319 [o.
676 241 710 302 0.
727 238 789 322 314]
939 246 998 310 121

59 416 105 463 rus
116 403 260 482 principes
278 403 433 466 iuventutis
448 404 602 466 duodecim
615 388 742 475 =numero
756 408 788 468 in
801 408 1000 492 prpditionem
1052 440 1056 445 a
1137 436 1138 443 ¹

58 485 159 547 urbium
172 505 290 548 suarum
303 489 447 563 coniurati
460 488 496 551 ad
508 487 644 551 consules
655 490 785 551 veniunt.
812 491 927 554 docent
945 501 1026 555 nost

58 566 224 648 iampridem
235 578 406 651 exoptantes
416 570 589 635 Samnitium
600 572 765 644 adventum,
777 576 865 637 simul
876 576 913 636 ad
921 511 999 638 bau·

59 652 117 715 lulas
137 662 296 735 pugnatum
315 655 485 726 audierunt,
506 674 562 736 pro
582 658 665 721 victis
684 657 833 720 Romanos
851 657 997 732 habuisse,
1137 712 1138 739 3

57 736 202 810 iuueututc,
224 740 315 801 nmis
329 741 493 802 Samnitem
512 742 635 810 lupinae:
657 739 765 821 iugatis
779 742 847 805 iude
862 742 1027 805 Samniti-o
1137 742 1138 747 ’

3 862 4 867 1
55 819 302 902 lmincertqapece
317 841 405 902 agere
419 842 475 887 uec
492 822 654 886 claudentis
669 831 770 905 portas
788 826 942 896 Romanis,
961 840 998 888 ne

55 915 187 968 arcessant
199 906 326 978 bellum,
350 914 380 969 et
396 908 558 973 obstinatos
572 908 724 979 claudere,
746 913 772 971 si
787 912 933 972 exercitus
947 911 998 971 ad·

54 997 202 1053 noscatur:
223 993 256 1052 in
275 1009 309 1053 ea
324 990 515 1054 fluctuatione
537 994 703 1055 animorum
720 995 849 1074 opprimi
865 996 999 1057 incautos
1137 1070 1138 1073 Ἴ

3 1092 5 1123 ῑ
54 1089 133 1139 masc.
156 1075 207 1141 'his
221 1073 392 1137 auctoribus
405 1084 485 1139 mota
497 1078 621 1156 propius
635 1085 731 1141 castra
743 1080 883 1159 missique
894 1078 999 1140 eodem
1011 1087 1027 1138 7
1137 1098 1138 1151 g

41 1167 169 1238 tempore
183 1162 265 1222 circa
280 1160 339 1221 tria
352 1160 459 1243 oppida
472 1158 595 1231 milites,
610 1163 719 1242 partim
740 1165 860 1245 armati,
884 1164 935 1243 qui
948 1182 998 1225 oc·
1137 1162 1138 1191 ³

3 1292 4 1295 ,
35 1238 110 1302 'edu
130 1246 298 1324 propinqua
317 1244 473 1306 moenibus
491 1244 656 1306 insiderent
677 1245 756 1319 loca,
779 1249 888 1326 partim
907 1249 999 1326 iegati

54 1327 122 1387 lectis
132 1336 210 1389 veste
225 1326 346 1406 gladiis,
366 1329 417 1407 qui
431 1324 485 1389 suh
499 1327 596 1389 lucem
611 1332 720 1409 apertis
736 1332 830 1409 portis
846 1331 937 1393 urbes
951 1333 997 1391 iu·
1137 1384 1138 1403 1

53 1411 241 1484 mederentur.
275 1410 312 1477 ab
326 1410 372 1472 his
383 1411 471 1473 simul
481 1411 618 1474 custodes
631 1412 774 1474 trucidari
785 1416 894 1494 coepti,
911 1414 1026 1476 simule

53 1490 262 1575 datumsignum
277 1496 404 1566 armatis,
416 1502 450 1556 ut
460 1514 496 1557 ex
506 1494 850 1557 insidiisconcurrerent.
876 1499 916 1557 ita
928 1514 997 1576 por·
1137 1504 1138 1521 l

8 1608 9 1627 2
53 1580 257 1660 taeccoupatae,
273 1577 997 1659 triequeoppidaendemhoraeodemquecousilio
1137 1622 1138 1629 κ

53 1669 129 1739 cepta.
155 1663 207 1725 sed
219 1664 290 1744 quia
302 1661 472 1725 absentibus
484 1660 607 1725 ducibus
616 1664 744 1743 impetus
756 1670 799 1724 est
810 1663 919 1736 iactus,
933 1662 1028 1725 nul-t

2 1800 3 1803 ,
52 1738 87 1803 lus
95 1747 193 1809 modus
204 1745 347 1810 caedibus
363 1747 432 1816 iuit;
448 1746 602 1826 deletaque
612 1748 763 1809 Ausonum
776 1749 904 1826 gensuix
916 1755 997 1809 certo
1137 1756 1138 1761 ’

4 1882 6 1887 ,
53 1825 354 1900 tcfccnouiecrimiue,
362 1833 486 1910 perinde
494 1848 528 1893 ac
537 1832 562 1892 si
570 1833 751 1893 interneciuo
760 1831 996 1895 bellocertasset.

61 1952 63 1957 »
100 1912 193 1978 XXVI.
219 1913 335 1977 Eodem
360 1932 439 1976 anno
464 1914 581 1995 prodito
602 1915 736 1977 hostibus
754 1915 887 1979 Romano
911 1925 1024 1999 prae-1

50 1993 110 2058 sidio
123 1999 250 2061 Luceria
265 1998 440 2060 Samnitium
462 1998 547 2061 iacta.
582 2014 638 2060 nee
659 2000 710 2062 diu
752 1998 932 2063 roditcribus
950 2003 1013 2062 in··

42 2081 291 2229 Qu
307 2081 504 2161 baudprocul
517 2019 994 2154 tnafflffisffiffnnuummw
1008 2095 1025 2143 a

61 2163 116 2224 ulus
136 2185 156 2247 p
214 2184 239 2226 o
260 2173 373 2245 impetu
388 2165 460 2228 urbs
475 2168 530 2228 sita
549 2168 580 2227 in
598 2166 687 2247 plano
702 2169 825 2248 capitur.
858 2167 998 2229 Lucerini

50 2259 76 2304 tc
88 2247 233 2313 Samnites
249 2248 286 2310 ad
302 2251 537 2312 internecionem
552 2253 645 2323 caesi,
667 2269 761 2331 eoque
781 2253 826 2312 ira
842 2253 1025 2330 processita
1137 2234 1138 2287 f

48 2334 74 2388 ut
89 2329 193 2397 Romae
226 2350 359 2414 quoque,
390 2351 456 2395 cum
476 2334 513 2394 de
533 2333 646 2396 colonis
669 2332 820 2396 mittendis
841 2335 997 2396 Luceriam

50 2416 242 2481 consueretur
264 2423 399 2487 senatus,
422 2416 507 2479 multi
528 2415 682 2480 delendam
703 2418 810 2480 urbem
829 2427 1014 2481 censerent..

49 2508 151 2570 puetcr
165 2503 285 2572 odium,
301 2500 380 2580 quod
392 2498 556 2562 execrabile
569 2502 601 2562 in
616 2501 662 2563 bis
674 2508 775 2581 captos
790 2510 868 2573 erat,
881 2500 1026 2580 louein-4

50 2582 130 2656 quibs
140 2603 261 2667 quoque
277 2584 440 2649 abhorrere
457 2604 475 2646 a
488 2583 655 2662 relegandis
671 2592 732 2645 tam
745 2583 850 2664 procul
861 2584 898 2645 ab
910 2585 997 2645 domo

51 2662 147 2731 c{tiburs
162 2673 245 2730 inter
255 2674 317 2729 tam
325 2669 446 2729 iniectas
459 2673 563 2747 gentes
574 2665 706 2746 cogebat·
738 2668 807 2728 vicit
820 2674 919 2729 tamen
930 2677 1027 2730 sen-5
1137 2654 1138 2705 3

51 2750 140 2823 tcum,
150 2762 184 2815 ut
197 2755 389 2817 mitterentur
401 2751 506 2814 coloni.
537 2752 596 2814 duo
606 2750 686 2813 mdia
698 2758 728 2814 et
738 2752 890 2833 quingenti
904 2750 996 2813 missi.

100 2834 208 2899 Eodem
224 2853 317 2907 anno,
340 2854 406 2897 eum
427 2838 526 2898 omnia
541 2836 631 2898 infida
648 2836 789 2899 Romanis
806 2844 921 2910 essent,
943 2836 998 2900 Ga·

49 2929 114 2989 puae
127 2938 244 3001 quoque
259 2918 392 2982 occultae
408 2922 576 3001 principum
593 2923 812 2984 coniurationes
827 2921 931 2985 iactae.
961 2920 1026 2983 deu

51 2998 225 3073 quibuscum
241 3004 278 3065 ad
298 3011 432 3087 senatum
449 3003 574 3068 relatum
590 3014 681 3077 esset,
702 3006 928 3087 haudquaquam
944 3022 997 3064 ne·

51 3077 134 3155 gisela
143 3089 407 3168 resequaestiones
419 3087 564 3161 decretae,
576 3090 808 3169 dictatoremque
819 3088 998 3168 quaestioui-
1044 3119 1056 3139 ·

50 3158 97 3226 bus
108 3170 278 3233 exercendis
295 3172 354 3233 dici
370 3158 552 3251 placuicifc.
564 3174 697 3235 Maenius
712 3171 821 3242 dictus3
834 3174 860 3232 is
874 3170 913 3232 M.
925 3170 996 3231 Fos·
1008 3179 1024 3229 7

14 3312 20 3327 ,
50 3241 113 3343 llum
131 3257 304 3333 magistrum
325 3256 462 3335 equitum
477 3257 561 3318 dixit:
596 3257 701 3334 ingens
722 3262 786 3317 erat
811 3255 999 3335 magistratus

8 3358 14 3367 ’
51 3344 105 3393 tuit
122 3343 227 3401 terrun
255 3341 355 3419 itaque
376 3341 437 3402 sive
457 3342 546 3402 timor
568 3357 620 3400 seu
642 3340 839 3401 eonscientiae
856 3340 899 3402 us
916 3339 998 3402 Gala·

51 3413 105 3476 lios
120 3417 219 3485 Ouium
237 3423 421 3504 Nouiumque
434 3459 477 3470 -
494 3442 529 3486 ea
544 3425 639 3504 capita
656 3425 867 3486 coniurationis
881 3424 999 3487 inerant

51 3524 95 3568 τ
107 3504 275 3588 priusquam
289 3509 513 3571 nominarentur
528 3509 604 3590 apud
619 3508 806 3582 dictatorem,
821 3525 903 3571 mors
919 3506 998 3569 baud
