2290 3920
158 178 220 241 256
341 192 436 233 LIBER
448 192 512 234 m.
529 191 597 234 cnr.
611 178 655 229 61.
668 178 712 233 62.
727 169 768 254 [a.
783 195 814 233 u.
829 194 855 235 c.
868 167 927 252 536]

158 351 359 417 transgressus
378 339 521 399 Hiberum
539 339 704 400 Hasdrubal
718 357 785 400 cum
807 342 878 400 octo·
892 336 1000 398 milibus
1016 335 1081 415 pedi·

158 435 234 490 tum,
254 421 334 483 mille
344 425 475 502 equitum
488 431 637 502 tamquam
652 424 688 484 ad
699 427 830 503 primum
841 421 987 485 adventum
996 418 1080 480 liona-

158 526 265 568 norum
291 524 481 578 occursurus,
510 514 670 586 postquam
700 506 831 586 perditas
865 522 912 566 res
942 503 977 566 ad
998 503 1081 564 Cissim

130 593 322 670 semissaque
341 598 437 652 castra
457 591 585 669 accepit,
606 591 664 651 iter
686 589 723 653 ad
740 608 827 651 mare
844 589 989 651 convertit.
1022 583 1082 645 haud

158 674 261 755 procul
272 675 440 736 Tarracone
457 674 594 737 classicos
608 673 715 736 milites
731 673 904 754 navalesque
914 673 1003 733 socios
1016 686 1082 747 rogos

158 759 341 838 palantisque
361 777 417 838 per
436 776 538 838 agros,
562 758 639 837 quod
662 759 756 819 ferme
779 759 828 829 iit,
850 765 883 818 ut
904 755 1036 818 secundae
1050 769 1083 812 res

159 844 376 922 neglegentiam
394 851 510 914 creent,
535 844 632 922 equite
651 844 759 921 passim
781 842 901 903 dimisso
923 853 1083 913 cummagno

131 928 264 997 3caede,
280 929 391 987 maiore
406 927 475 1006 iuga
495 926 530 987 ad
548 927 638 987 'naves
654 924 802 1006 conpellit.
819 943 890 986 nec
913 925 1014 985 diutius
1027 922 1084 981 cuca

160 1030 194 1071 ea
209 1010 274 1071 loca
289 1012 400 1071 morari
415 1028 517 1080 ausus,
534 1029 572 1073 ne
588 1009 624 1070 ab
636 1011 772 1089 Scipione
788 1010 1014 1088 opprimeretur,
1026 1014 1084 1065 uam

130 1094 300 1173 olliberum
314 1111 379 1154 sese
401 1095 523 1172 recepit.
560 1103 589 1153 et
607 1093 705 1172 Scipio
723 1094 832 1171 raptim
848 1092 885 1153 ad
901 1093 1004 1155 famam
1017 1105 1083 1150 noro·

159 1183 225 1237 rum'
242 1178 371 1238 hostium
391 1179 509 1255 agmine
529 1185 608 1248 acto,
631 1195 701 1244 cum
713 1179 745 1237 in
759 1194 872 1256 paucos
883 1176 1038 1256 praefectos
1050 1189 1085 1232 na·

157 1263 235 1323 vium
250 1260 518 1331 animadvertisset,
533 1261 680 1340 praesidio
694 1261 865 1330 Tarracone
878 1260 993 1322 modico
1008 1255 1085 1318 relicto

130 1344 311 1424 bllmporias
333 1363 399 1407 cum
417 1345 509 1406 classe
523 1344 620 1406 rediit.
655 1344 773 1421 vixdum
788 1344 924 1422 digresso
938 1362 971 1404 eo
985 1340 1085 1404 Hasdru

157 1427 207 1491 bal
217 1428 332 1500 aderat,
347 1437 377 1490 et
385 1429 545 1509 Ilergetum
556 1427 680 1508 populo,
693 1429 744 1508 qui
754 1426 875 1491 obsides
886 1428 1013 1507 Scipioni
1022 1422 1084 1484 dedo

158 1521 213 1582 rat,
230 1513 267 1574 ad
279 1514 474 1575 deiectionem
483 1512 610 1592 inpulso,
624 1530 695 1579 cum,
707 1510 811 1584 eorum
823 1513 958 1591 ipsorum
967 1513 1085 1572 iuventute

129 1604 245 1675 oagros
264 1598 395 1659 fidelium
416 1598 556 1659 Romanis
575 1597 723 1662 sociorum
751 1603 853 1657 vastat.
898 1598 991 1658 excito
1006 1588 1084 1652 deinde

159 1681 297 1760 Scipione
318 1681 451 1742 hibernis
476 1688 537 1742 toto
562 1683 605 1741 cis
625 1680 768 1742 Hiberum
806 1699 912 1742 rursus
939 1678 1013 1741 cellit
1028 1689 1085 1754 agit.

157 1765 256 1842 Scipio
270 1763 403 1826 relictam
424 1765 461 1827 ab
481 1773 600 1826 auctore
620 1764 793 1825 deiectionis
812 1763 974 1844 liergetum
997 1769 1084 1840 genten

95 1899 98 1902 .
145 1865 223 1913 cum
245 1847 353 1908 infesto
375 1851 506 1910 exercitu
528 1850 700 1926 invasisset
716 1846 871 1927 ‘conpulsis
892 1847 1024 1909 omnibus
1039 1845 1083 1904 itt·

156 1947 280 2008 nagrum
297 1930 417 2001 urbem,
432 1950 508 2011 quae
523 1941 611 2010 caput
625 1934 687 1993 eius
703 1931 807 2012 populi
820 1941 901 2004 erat,
920 1924 1084 1993 circumsedit

128 2019 143 2067 t
156 2014 290 2099 intraque
305 2014 368 2074 dies
381 2033 498 2094 paucos
507 2015 642 2094 pluribus
661 2034 749 2095 quam
770 2024 839 2076 ante
855 2015 1006 2081 obsidibus
1018 2013 1084 2086 impe·

156 2099 227 2161 ratis
242 2096 383 2175 Ilergetes
398 2100 522 2178 pecunia
540 2100 627 2160 etiam
642 2099 781 2162 multatos
800 2101 831 2159 in
843 2101 893 2162 ius
911 2100 1086 2170 dicionemque

127 2184 276 2261 trecopit.
302 2183 371 2243 inde
385 2184 417 2243 in
427 2184 590 2245 Ausetanos
601 2200 694 2262 prope
709 2183 871 2253 Hiberum,
888 2186 985 2246 socios
995 2179 1084 2257 etipso

155 2266 338 2338 Poenorum,
353 2268 502 2346 procedit,
518 2275 605 2347 atquo
616 2267 691 2328 urbe
702 2285 805 2328 eorum
819 2266 943 2328 obsessa
955 2267 1085 2328 tarenos

155 2349 294 2410 auxilium
317 2352 448 2412 finitimis
468 2351 597 2412 serentes
616 2359 702 2419 nocte
728 2351 806 2413 haud
827 2351 936 2430 procul
957 2353 1011 2411 iam
1024 2342 1083 2405 urbe,

126 2437 221 2493 ticum
236 2435 349 2495 intrare
364 2433 486 2514 velient,
508 2437 624 2515 excepit
636 2434 757 2507 insidiis.
792 2452 878 2496 caesa
899 2435 937 2497 ad
960 2425 1083 2494 duodetn

153 2515 249 2587 milia;
268 2520 348 2581 exuti
356 2536 449 2600 prope
461 2537 563 2580 omnes
578 2521 667 2580 armis
679 2519 781 2580 domos
792 2521 904 2597 passim
913 2518 1038 2598 palantes
1047 2522 1083 2589 ptr

154 2619 240 2678 agros
260 2601 413 2681 diffugere.
445 2622 501 2665 neo
527 2603 662 2667 obsessos
684 2602 740 2663 alia
759 2602 819 2664 ulla
839 2621 888 2664 rcs
911 2597 1082 2686 quaminiqtt

110 2689 145 2739 110
155 2686 392 2763 oppugnantibus
405 2688 501 2748 biems
515 2687 672 2748 tutabatur.
701 2687 820 2764 triginta
836 2683 900 2747 dies
918 2678 1051 2747 obsidius
1070 2678 1082 2738 i

153 2784 208 2844 per
229 2787 303 2848 quos
323 2789 392 2831 roro
413 2789 552 2849 umquam
573 2773 623 2830 nix
647 2772 744 2832 minus
768 2776 908 2850 quattuor·
941 2767 1027 2851 pedes
1043 2756 1082 2820 dtr

153 2850 256 2920 iacuit;
272 2853 404 2931 adeoque
420 2853 536 2931 pluteos
552 2872 587 2915 ac
602 2855 702 2916 vineas
719 2854 922 2916 Romanorum
946 2848 1082 2931 operuerat

153 2943 186 2994 ut
211 2952 245 2994 ea
267 2936 329 2997 sola
353 2936 471 3014 ignibus
494 2937 831 3016 aliquotiensconieotis
855 2936 891 2996 ab
914 2937 999 2998 hoste
1019 2929 1080 2990 etiam

111 3026 141 3074 11
155 3026 350 3081 tutamentum
374 3020 471 3080 luerit
506 3028 670 3100 postremo,
698 3040 766 3083 cum
791 3022 949 3086 Amusicus
972 3019 1083 3104 princeps

152 3121 254 3163 eorum
272 3104 308 3165 ad
320 3103 531 3166 Hasdrubalem
546 3105 737 3184 profugisset,
752 3105 854 3183 viginti
869 3105 985 3180 argenti
994 3099 1083 3161 turon

151 3188 230 3260 pacti
243 3187 400 3250 deduntur.
434 3189 633 3250 Tarraconem
647 3190 678 3248 in
694 3188 819 3250 hiberna
837 3187 968 3248 reditum
982 3192 1030 3246 est

171 3346 178 3358 .
213 3268 298 3331 LXll.
330 3272 441 3333 Ronrae
463 3283 512 3334 aut
532 3275 611 3335 circa
633 3271 737 3332 urbem
759 3272 851 3334 multa
871 3289 905 3332 ea
927 3271 1082 3342 niemepn·

125 3351 136 3399 1
151 3344 228 3427 digia
243 3352 396 3426 lacteam,
415 3357 494 3435 quod
509 3358 627 3417 evenire
636 3354 718 3416 solet
734 3358 823 3417 motis
837 3352 930 3417 semel
943 3356 976 3414 in
989 3343 1081 3436 religit·

125 3433 220 3486 anem
232 3434 343 3504 smmis,
361 3438 450 3499 muita
461 3442 593 3501 nuntiata
604 3448 633 3502 et
647 3440 759 3500 temere
771 3440 881 3500 credita
894 3446 973 3506 sunt,
987 3436 1016 3494 in
1026 3438 1080 3507 quo,
