2396 3920
303 211 396 252 crena
410 175 466 253 vin
482 210 550 254 cnr.
568 200 610 254 31.
626 200 670 255 32.
687 190 727 274 [e.
745 195 781 259 (l.
797 192 858 275 343]
1024 203 1064 265 33

99 375 254 439 negamns3
287 358 414 438 legatos,
433 361 509 420 sicut
530 360 699 440 fusiusque
723 371 781 434 eet,
804 365 840 425 ad
860 365 957 426 socios
978 371 1093 444 atqueu

93 446 201 507 emices
216 450 380 525 precatum
397 444 563 516 mittemus,
584 463 622 507 ne
637 463 693 526 qna
711 447 793 508 vobis
808 449 851 509 vis
865 450 946 510 fiat.“
979 448 1064 511 adea

92 529 234 608 princeps
257 527 419 607 legationis
438 562 480 573 -
500 529 543 589 sic
567 530 646 590 enim
674 528 761 592 domo
786 532 956 595 mandatnm
987 540 1061 613 attu-

89 611 245 675 lerant-
273 658 291 683 ,‚
300 610 418 692 qnando
432 611 552 692 quidem
561 621 580 645 “
604 613 700 693 inquit
718 622 847 687 „nostra
865 619 943 678 tueri
958 618 1061 680 adver-

87 713 137 757 sus
157 699 220 757 rim
246 704 339 776 atque
359 697 497 758 iniuriam
519 697 596 760 iusta
619 700 646 758 vi
668 699 847 772 nonnuliis,
869 708 966 764 vestra
980 710 1060 765 certe

87 779 286 843 ‹leieudetise¹
317 780 418 859 itaque
442 781 585 861 populum
611 782 791 863 Campanum
817 784 981 865 urbemque
1008 787 1089 849 tia-4

87 882 192 944 puam,
212 883 322 944 agros,
338 862 462 926 delubra
476 864 580 936 deum,
599 865 695 927 divina
710 868 898 953 humanaque
915 871 1012 930 omnia
1028 872 1059 932 in

87 957 235 1021 rostram,
267 956 369 1028 patres
390 950 565 1027 conscripti,
592 949 752 1032 populique
771 953 896 1015 Romani
911 951 1059 1016 dicionem

88 1033 244 1106 dedimus,
279 1032 421 1112 quidquid
444 1033 551 1095 deinde
570 1035 718 1113 patiemur
739 1036 868 1101 dediticii
890 1038 979 1100 vestri
992 1054 1058 1118 pas·

90 1118 182 1180 suri.“
215 1116 277 1179 sub
290 1117 364 1179 baec
376 1115 453 1178 dicta
469 1136 571 1179 omnes
586 1137 691 1181 manus
705 1121 741 1182 ad
754 1122 889 1184 consules
906 1123 1087 1184 tendentestt

91 1200 170 1280 pleni
187 1201 387 1264 lacrimarum
405 1201 590 1264 investibulo
602 1204 700 1265 curiae
716 1205 947 1285 procubuerunt.
978 1215 1088 1271 eom-6

92 1287 163 1346 moti
183 1294 289 1366 patres
313 1285 377 1346 rice
391 1285 575 1348 fortunarum
591 1286 799 1363 humanarum,
822 1292 847 1352 si
868 1290 918 1352 ille
932 1309 1058 1372 praepo-

94 1377 159 1430 tens
181 1368 291 1450 opibus
312 1368 456 1449 populus,
476 1368 592 1435 luxuria
613 1373 810 1454 superbiaque
829 1374 941 1445 clarus,
965 1394 1057 1455 aquo

96 1452 183 1530 paulo
200 1461 267 1514 ante
282 1452 424 1516 auxilium
439 1454 557 1514 finitimi
576 1456 733 1533 petissent,
753 1459 827 1517 adeo
848 1458 991 1519 infractos
1006 1476 1057 1536 ge·

101 1544 182 1596 reret
196 1539 321 1610 animos,
347 1545 379 1598 ut
394 1554 426 1598 se
447 1540 511 1617 ipse
525 1555 637 1616 suaque
653 1541 751 1599 omnia
771 1543 925 1620 potestatis
946 1540 1058 1602 alienae

99 1618 219 1681 laceret
250 1629 311 1684 turn
332 1622 393 1682 iam
414 1622 488 1683 fides
502 1622 549 1700 agi
564 1623 639 1692 risa,
664 1620 778 1683 deditus
800 1641 860 1683 non
883 1621 985 1704 prodi;
1005 1642 1060 1686 nec

95 1702 242 1768 iacturum
258 1724 353 1787 aequa
368 1705 544 1767 Samnitium
560 1705 701 1786 populum
720 1706 894 1778 censebant,
913 1709 938 1769 si
952 1726 1056 1787 agrum

93 1787 260 1870 urbemque
270 1807 326 1869 per
337 1788 517 1851 deditionem
533 1788 640 1852 iactam
654 1790 756 1872 populi
768 1792 894 1854 Romani
904 1810 1056 1874 oppugna·

93 1881 170 1935 rent.
198 1873 313 1952 legatos
333 1875 432 1950 itaque
453 1873 601 1954 extemplo
621 1876 698 1936 mitti
717 1876 753 1937 ad
772 1877 917 1939 Samnites
938 1877 1085 1959 placuits

92 1956 159 2019 data
170 1958 327 2029 mandata,
341 1965 373 2018 nt
384 1975 490 2037 preces
504 1958 735 2039 Campanorum,
750 1979 925 2041 responsum
937 1970 1055 2024 senatus

92 2044 242 2103 amicitiae
255 2042 430 2104 Samnitium
445 2060 578 2114 memor,
592 2042 769 2107 deditionem
784 2054 934 2126 postremo
948 2046 1055 2107 lactant
1184 2120 1185 2127 ἵ

92 2125 276 2188 Samnitibus
288 2134 698 2207 exponerent3peterentpro
709 2130 849 2192 societate
861 2130 1083 2208 amicitiaquee

90 2217 123 2272 ut
136 2209 286 2271 dediticiis
299 2212 359 2271 suis
374 2219 547 2293 parcerent,
563 2229 659 2291 neque
675 2212 705 2273 in
721 2230 788 2274 enm
802 2230 920 2291 agrum,
936 2214 986 2292 qui
1001 2231 1054 2294 po·

90 2293 154 2374 puli
163 2294 293 2358 Romani
307 2294 401 2356 iactus
418 2302 509 2362 esset.
528 2295 644 2357 hostilia
660 2313 742 2358 arma
756 2297 917 2367 inierrent3
938 2298 963 2358 si
980 2294 1098 2357 leni-10

91 2385 138 2441 ter
160 2378 279 2456 agendo
297 2396 403 2458 parum
427 2379 618 2459 proficerent,
644 2378 853 2442 denuntiarent
875 2379 1055 2443 Samnitibus

90 2462 195 2543 populi
216 2463 343 2524 Romani
360 2472 538 2545 senatusque
559 2463 670 2534 verbis,
699 2472 732 2525 ut
755 2465 854 2543 Capua
876 2463 950 2526 urbe
970 2466 1054 2527 Cam·

90 2565 231 2627 peuoque
245 2562 317 2626 agro
334 2544 525 2610 abstinerent.
555 2548 630 2609 baec
643 2547 749 2625 legatis
761 2547 917 2625 agentibus
934 2550 965 2607 in
982 2555 1093 2608 con-11
1184 2614 1185 2617 Ἴ

91 2630 160 2692 cilio
185 2630 362 2692 Samnitium
388 2631 462 2696 adeo
483 2628 528 2693 cst
553 2631 694 2691 ieroclter
719 2647 909 2708 responsum,
936 2635 1054 2691 utnon
1184 2656 1185 2663 ¹

90 2712 187 2776 solum
203 2721 340 2793 gesturos
355 2734 387 2777 sa
404 2733 469 2778 esse
485 2716 619 2785 dicerent
638 2714 667 2775 id
684 2712 808 2785 bellum,
832 2714 883 2775 sed
900 2716 1053 2794 magIstra·

91 2804 258 2860 tuscorum
274 2801 512 2879 scuria-egressi
526 2797 672 2862 stantibus
693 2798 797 2878 legatis
817 2798 985 2880 praelectus
1005 2817 1054 2860 co·
1064 2805 1096 2856 12

91 2883 222 2945 hortium
239 2891 381 2947 vocarent
396 2885 491 2964 iisque
508 2883 587 2945 clara
605 2903 675 2946 voce
696 2885 892 2964 imperarent,
914 2892 946 2946 ut
967 2902 1052 2964 prae·

13 3024 14 3027 ,
91 2965 192 3028 datum
208 2968 240 3027 in
255 2984 360 3045 agrum
376 2967 555 3047 Campanum
571 2967 717 3048 extemplo
731 2969 999 3047 proficiscerentur.

153 3048 271 3112 xxxu.
306 3052 368 3112 llao
388 3051 535 3130 legatione
549 3051 672 3114 Romam
692 3051 783 3114 relata
802 3053 906 3132 positis
919 3053 1050 3112 omnium
1067 3056 1080 3107 t

12 3202 15 3209 Δ
90 3131 216 3195 aliarum
232 3150 336 3196 rernm
354 3137 433 3197 euris
453 3142 552 3215 patres
573 3134 721 3207 fetialibus
743 3136 780 3196 ad
806 3153 856 3197 res
876 3133 1052 3213 repetendus

89 3218 188 3279 missis
201 3216 355 3298 belloque.
374 3222 515 3300 quianon
531 3220 740 3291 redderentur,
759 3216 894 3280 sollemni
908 3235 992 3278 more
1006 3218 1051 3278 in-

86 3301 170 3364 dicto
185 3301 398 3375 decreverunt,
420 3311 454 3365 ut
467 3306 564 3384 primo
580 3322 697 3385 quoque
712 3311 846 3381 tempore
863 3302 899 3363 de
916 3319 950 3363 ea
967 3320 1000 3364 re
1015 3302 1052 3364 ad

87 3384 234 3466 populum
256 3387 395 3448 ferretur.
432 3389 571 3468 iussuque
597 3384 698 3467 populi
721 3383 857 3447 eonsules
877 3385 963 3448 ambo
986 3393 1084 3445 cumn
1184 3420 1185 3439 1

87 3468 207 3535 duobus
222 3464 401 3534 exercitibus
417 3470 453 3532 ab
475 3471 550 3533 urbe
567 3471 708 3552 proiecti,
730 3469 863 3531 Valerius
884 3471 916 3530 in
931 3470 1052 3547 Campa·

116 3584 158 3647 ιϊ,
177 3583 241 3620 nrrr
260 3581 382 3624 rnes'n.
828 3558 846 3618 3
