2350 3922
108 181 174 246 306
282 203 469 245 nrnnnxxn.
494 204 564 246 cur
580 192 623 244 50
639 191 682 248 11
700 182 913 265 [111538]

110 359 225 422 essent,
251 359 281 412 et
295 352 423 413 aliorum
436 370 525 431 quam
540 371 593 413 sua
608 369 734 431 corpora
754 359 836 425 tanto
858 352 992 431 periculo
1007 351 1094 411 mal·

81 436 172 497 olent
187 433 317 495 obicere
347 435 768 497 amusement-adt
770 422 908 515 splicere
909 437 1092 515 111111111πί-

113 538 181 581 mus
202 519 316 580 deesse.
347 516 381 580 P.
398 520 592 599 Sempronius
606 519 772 580 Tuditanus
792 518 933 581 tribunus
951 518 1090 580 militum

117 605 205 682 „oapi
217 618 288 681 ergo
298 604 457 664 mavultis“
468 605 566 684 inquit
578 603 636 674 „ab
648 605 820 665 avarissimo
832 612 863 664 et
875 602 1093 664 crudelissimo

115 688 211 757 hoste,
223 689 434 767 aestimarique
445 690 541 767 capita
551 695 648 749 vestra
660 695 691 748 et
704 690 820 767 exquiri
831 690 928 767 pretia
940 685 976 748 ab
987 688 1090 748 inter·

115 770 300 848 rogantibus,
315 770 465 832 Romanus
480 774 554 832 civis
567 775 609 832 sis
623 790 660 832 an
673 771 798 832 Latinus
812 773 921 841 socius,
937 778 970 831 ut
985 789 1023 831 ex
1035 777 1089 831 tua

86 855 294 916 iconiumelia
313 861 344 915 et
357 857 479 916 miseria
499 856 585 917 altori
605 856 699 916 honos
713 855 893 934 quaeratur?
912 872 972 915 non
987 862 1037 924 tu,
1060 856 1088 914 si

114 939 236 1019 quidem
251 939 285 998 L.
301 939 419 999 Aemilii
441 939 585 1009 consulis,
608 941 659 1019 qui
675 957 707 1000 se
723 938 800 999 bene
821 941 899 999 mori
915 957 1003 1018 quam
1017 946 1088 998 tur·

109 1025 189 1102 piter
202 1025 303 1083 vivere
314 1022 427 1093 maluit,
440 1029 471 1082 et
481 1029 525 1084 tot
536 1024 769 1085 fortissimorum
779 1024 920 1092 virorum,
938 1025 991 1102 qui
1002 1023 1088 1083 circa

84 1111 182 1168 8eum
197 1105 338 1166 cumulati
355 1108 468 1175 iacent,
490 1108 571 1167 cives
586 1109 667 1168 estis.
697 1107 749 1168 sed
765 1114 925 1186 antequam
940 1107 1088 1185 opprimit

110 1191 162 1251 lux
176 1190 346 1268 maioraque
367 1189 498 1250 hostium
521 1193 638 1268 agmina
653 1186 831 1269 obsaepiunt
846 1193 920 1260 iter,
941 1208 997 1270 per
1016 1190 1087 1259 bos,

111 1275 162 1353 qui
179 1272 341 1333 inordinati
357 1280 445 1353 atque
461 1276 641 1353 inconpositi
657 1274 835 1354 obstrepunt
848 1275 959 1354 portis,
982 1292 1086 1334 erum·

85 1364 227 1436 spamus.
257 1357 339 1416 lerro
355 1365 443 1437 atque
459 1359 582 1420 audacia
603 1361 652 1419 via
666 1360 700 1420 fit
713 1360 849 1438 quamvis
862 1376 917 1438 per
932 1358 1088 1418 confertos

114 1442 219 1502 bostis.
250 1458 345 1503 cuneo
367 1442 487 1521 quidem
507 1443 564 1503 hoc
583 1443 682 1505 laxum
703 1449 793 1522 atque
817 1442 945 1503 solutum
966 1458 1085 1519 agmen,

114 1532 148 1585 ut
170 1544 196 1586 ιι
217 1525 295 1587 mhrl
317 1524 430 1597 obstet,
460 1526 591 1588 disicias.
614 1533 1086 1671 Qt

74 1616 232 1671 1ov0smet
252 1611 334 1754 ipsos
356 1617 386 1671 et
404 1628 469 1693 rem
488 1610 638 1755 publium
659 1610 768 1691 suram
786 1609 908 1691 ‘s.“
942 1609 1016 1671 baec
1074 1611 1085 1669 i

139 1700 198 1754 rota
234 1712 249 1755 c
272 1714 282 1754 1
303 1741 311 1765 ,
335 1697 456 1772 stringit
476 1713 522 1773 ga
545 1698 606 1756 ium
627 1712 782 1774 cuneoque
802 1693 881 1756 iacto
900 1712 955 1774 per
969 1693 1086 1754 medios

76 1784 107 1836 11
119 1778 200 1838 vadit
214 1777 317 1839 hostis.
353 1786 384 1838 et
398 1797 464 1839 cum
481 1780 605 1840 inlatus
620 1781 765 1847 doxtrum,
783 1779 862 1858 quod
876 1776 1007 1857 patebat,
1022 1777 1084 1838 Nu·

118 1861 217 1922 midae
232 1861 443 1932 iacularentur,
460 1858 612 1924 translatis
627 1866 658 1924 in
670 1864 806 1924 dextrum
821 1863 913 1923 scutis
927 1864 960 1922 in
970 1863 1085 1931 maiora

117 1949 214 2004 castra
235 1944 271 2004 ad
287 1942 334 2005 DC
356 1956 527 2015 evaserunt,
552 1956 639 2026 atque
661 1947 730 2007 inde
746 1949 883 2026 protinus
903 1946 961 2007 alio
977 1961 1085 2022 magno

73 2029 235 2105 lcagmine
255 2027 396 2090 adiuncto
416 2027 576 2090 Canusium
601 2030 765 2091 incolumes
784 2031 973 2129 perveniunt.
1008 2028 1083 2089 baec

116 2111 196 2213 apud
211 2114 306 2173 victos
321 2113 415 2191 magis
425 2113 539 2192 impetu
552 2115 728 2183 animorum,
744 2133 820 2194 quos
829 2115 984 2192 ingenium
996 2131 1083 2173 suum

118 2199 225 2296 cuique
242 2202 293 2259 aut
307 2197 369 2257 sors
383 2193 487 2267 dabat,
508 2214 595 2277 quam
612 2216 647 2259 ex
668 2198 822 2260 consilio
813 2215 949 2277 ipsorum
964 2198 1038 2258 aut
1028 2213 1083 2258 ιιιι·

115 2283 201 2360 perio
216 2284 390 2361 cuiusquam
405 2279 580 2359 agebantur.
635 2306 641 2309 ¹

91 2373 108 2423 1
182 2363 230 2426 Ll.
258 2364 418 2426 Hannibali
432 2367 540 2427 victori
560 2384 627 2431 cum
648 2368 742 2427 ceteri
764 2367 939 2427 circumfusi
953 2364 1082 2444 gratula-

97 2444 225 2509 r'rentur
241 2449 473 2531 suaderentque,
495 2457 528 2510 ut
542 2456 624 2511 tanto
638 2451 814 2530 perfunctus
834 2449 912 2510 bello
927 2449 990 2510 diei
1004 2447 1082 2528 quod

95 2524 245 2593 relicum
265 2540 344 2594 esset
363 2535 519 2612 noctisque
540 2536 726 2614 insequentis
740 2537 872 2613 quietem
894 2535 1010 2612 etipse
1025 2531 1081 2592 sibi

118 2622 250 2678 sumeret
277 2624 308 2677 et
326 2617 415 2679 fessis
436 2617 521 2679 daret
539 2617 699 2688 militibus,
725 2616 891 2686 Maharbal,
915 2618 1081 2696 praelectus

82 2608 267 2798 {equitum
289 2703 412 2760 minime
430 2702 606 2763 cessandum
627 2703 762 2772 ratus„
754 2720 846 2783 mimo
866 2708 914 2779 qt,
936 2700 1010 2783 quid
1027 2699 1081 2781 bap

138 2785 393 2852 unasitactum
410 2787 496 2854 scias,
512 2786 562 2847 die
615 2788 658 2846 ‘nt
679 2787 721 2817 ‘⁶'
865 2787 871 2799 '
957 2786 964 2799 '
1059 2784 1081 2843 i·

86 2872 129 2926 t
160 2884 391 2926 roeuaerrs
425 2885 566 2930 seue·
734 2871 774 2929 ite
1025 2868 1033 2882 “

84 2946 104 3013 1
115 2968 203 3040 uam
214 2957 373 3011 venturum
384 2959 489 3035 sciant
501 2953 711 3035 praecfedam‘
733 2952 893 3013 Hannibali
905 2953 997 3013 nimis
1008 2951 1081 3011 laeta

82 3016 1081 3188 Qumis-emmo

113 3127 239 3203 posset,
254 3120 354 3198 itaque
373 3136 410 3178 vo
422 3126 554 3180 untatem
576 3139 608 3182 se
628 3120 749 3181 laudare
770 3118 947 3181 Maharbalis
973 3121 1014 3178 ait
1046 3116 1081 3178 ad

75 3190 268 3277 itconsilinm
282 3201 469 3300 pensandum
485 3206 631 3283 temporis
645 3209 720 3283 opus
735 3222 811 3264 esse.
834 3215 898 3263 tum
912 3199 1080 3263 Maharbal·

74 3280 94 3345 1
113 3301 194 3353 ‚non
210 3288 320 3353 omnia
322 3287 776 3355 nimirumeidemdiidedoro.
786 3283 1081 3355 rmcorescislian·

68 3346 205 3437 {nibal
228 3369 355 3443 victoria
375 3372 421 3433 uti
427 3374 566 3439 nescias
603 3389 686 3433 mora
703 3374 768 3433 eius
784 3371 845 3433 diei
861 3372 933 3448 satis
949 3368 1081 3430 creditur

69 3438 210 3507 saluti
220 3442 320 3507 luisse
329 3436 396 3512 urbi
413 3458 525 3532 atque
517 3458 652 3535 imperio.
