2280 3926
142 194 201 257 168
335 207 430 249 arnan
446 208 477 248 x.
492 204 561 250 uer.
576 191 616 247 19.
633 194 676 248 20.
693 184 732 267 [a.
748 210 778 248 u.
796 210 821 247 c.
837 183 895 266 458]

96 363 131 416 16
143 353 327 425 Volumnius,
349 372 437 433 quam
458 354 568 434 Appius
584 353 621 415 ad
640 353 755 416 hostem
773 352 948 433 perveniret:
988 351 1071 428 itaqua

139 440 237 499 fronte
257 436 406 517 inaequali
423 454 605 499 oonoursam
623 442 690 508 est;'
708 440 739 498 ‘e't
763 435 842 498 velut
865 434 941 496 forte
965 432 1072 514 quatiam

138 528 271 583 mutante
284 521 421 583 adsuetae
440 523 517 583 inter
531 538 564 583 se
583 521 684 582 hostes
697 521 814 587 Etrmui
827 518 986 587 Volumnio,
1003 518 1071 578 sm·

139 606 229 675 nites,
252 622 413 686 parumper
427 607 569 676 eurrotati,
591 606 660 684 quia
672 605 735 667 dur
746 604 863 677 aberat,
882 603 972 682 Appio
986 617 1072 662 eoem·

97 697 129 746 ιι
141 706 219 750 rere.
254 688 362 751 dieitur
374 690 486 769 Appius
507 691 538 750 in
558 689 659 750 medio
675 704 792 768 pugnae
806 687 985 756 disorimiue,
1002 686 1037 744 ita
1048 691 1074 744 ut

138 773 217 833 inter
229 774 326 852 prima
340 775 422 852 signa
437 771 573 834 manibus
588 773 626 834 ad
640 771 756 836 oaeirun
774 770 895 833 sublatis
910 769 1072 849 oonspioero·

139 865 202 927 tur,
217 858 260 919 ita
271 864 410 936 precatus
421 875 500 918 esse:
530 855 693 927 „Bellona
711 854 935 919 eneam-uobis
943 853 1074 914 nemrim

96 946 130 999 18
141 938 221 1012 duis,
241 947 287 1002 ast
306 954 361 1019 ego
383 940 439 1001 tibi
460 940 601 1021 templum
618 949 739 1002 reveor‘
768 940 844 1001 haee
865 945 998 1019 presuras
1013 934 1075 995 reiut

139 1024 297 1101 instigante
313 1024 368 1084 usa
379 1031 410 1085 et
423 1025 487 1105 ipse
498 1024 628 1103 collegae
643 1032 672 1084 et
683 1025 831 1086 exereitus
844 1024 980 1085 uranum
988 1036 1076 1099 aequa·

138 1108 178 1169 rit
192 1106 285 1169 duois.
311 1114 340 1168 ot
353 1108 444 1169 decer
461 1109 652 1188 imperatoria
673 1126 763 1188 opera
777 1114 968 1175 eneconem,
989 1111 1016 1164 et
1032 1103 1074 1163 mi·

139 1190 221 1261 lites,
233 1207 271 1252 ns
284 1190 322 1252 ab
333 1189 428 1252 alteru
439 1198 525 1272 perte
538 1192 622 1271 priua
630 1193 751 1253 viatoria
765 1192 903 1271 incipiat,
915 1189 1075 1251 adnituntur.

13 1270 18 1349 ξ
97 1281 130 1334 te
141 1291 213 1353 ergo
225 1273 352 1336 fundunt
362 1273 523 1356 fugantque
533 1275 637 1337 hostes
643 1277 787 1337 maiorem
798 1274 909 1336 melem
919 1272 995 1335 haud
1008 1267 1075 1332 saone

18 1370 21 1381 ²
138 1359 331 1430 sustinentes,
352 1378 441 1439 mmm
457 1378 524 1421 oum
539 1379 596 1440 qua
616 1374 721 1423 manus
738 1377 899 1421 messuere
919 1356 1024 1420 adsueti
1042 1353 1075 1413 iu·

139 1451 233 1503 eraut.
272 1443 405 1522 urgendo
415 1444 555 1507 sedentes
568 1443 808 1523 inserpmndoque
820 1443 929 1504 omues
940 1436 1077 1519 conpulere

97 1534 131 1586 20
142 1525 178 1607 ad
193 1534 299 1588 cestra.
334 1526 377 1588 ibi
389 1529 558 1590 interventu
574 1526 662 1591 Geilii
674 1527 902 1607 sehortimnque
916 1518 1075 1588 Sabellarum

138 1600 289 1688 pfflis'per
312 1612 465 1674 recruduit
482 1630 591 1691 pugna.
623 1613 669 1672 his
690 1626 807 1691 quoque
828 1608 1077 1689 marineio-iamt

96 1699 128 1750 21
141 1693 302 1754 victoribus
320 1703 417 1755 eastra
437 1695 697 1776 oppugnaturum
718 1704 746 1755 et
766 1712 833 1755 cum
844 1690 1080 1784 Volumnius'ip‘se

16 1828 21 1848 ,
138 1784 242 1854 portae
264 1778 349 1854 sigua
365 1778 503 1849 inferret,
525 1772 805 1858 Appius'Be'llonam
820 1779 975 1840 victricem
991 1768 1076 1837 item·

140 1859 208 1919 dsm
229 1858 387 1922 celebrans
404 1861 581 1924 aeoenueret
592 1862 726 1928 ,militum
748 1863 881 1934 ammos,
904 1881 959 1942 per
981 1854 1077 1921 rama,
1128 1862 1129 1937 j

11 1934 32 2021 ’ξ’
97 1951 195 2019 super
215 1940 309 2003 fossas
332 1943 518 2024 inruperunt.
554 1953 650 2007 castra
670 1954 754 2024 capta
773 1945 962 2025 direptaque,
988 1937 1077 2024 praeda

137 2026 244 2104 ingens
257 2033 342 2106 parta
353 2034 384 2087 et
399 2027 486 2089 militi
501 2044 640 2090 oonoessa
649 2038 704 2091 est.
734 2039 848 2109 septem
864 2030 945 2090 arilia
959 2021 1077 2104 nongenti

138 2109 268 2171 hostium
283 2111 387 2182 oesisi,
405 2111 463 2174 duo
477 2112 558 2175 milia
573 2120 603 2173 et
617 2120 736 2175 eentum
753 2113 854 2191 viginti
869 2115 960 2193 eapti.

113 2202 124 2250 1
200 2193 263 2256 XX
292 2193 368 2257 Dum
395 2195 484 2262 ambo
509 2195 644 2258 consules
671 2199 826 2276 omenque
845 2198 979 2259 Romana
1000 2191 1076 2255 visio

138 2278 298 2345 Emessam
309 2277 420 2341 bellum
433 2282 529 2361 magn
542 2281 679 2352 inelinat,
694 2283 725 2342 iu
735 2281 858 2342 Samnio
873 2283 943 2355 nori
955 2277 1078 2342 eaerum

139 2364 235 2427 exorti
254 2362 291 2424 ad
311 2362 495 2442 popmanios
519 2366 635 2444 imperii
647 2365 774 2427 Romeui
792 2364 867 2426 fines
889 2383 947 2445 per
961 2362 1077 2426 Vesano

137 2446 170 2504 in
185 2444 374 2526 Campaniam
394 2444 612 2529 Falernumque
635 2467 738 2527 aprum
758 2438 981 2510 uanmendunt'
993 2448 1076 2522 ingen·

108 2536 239 2609 2tesque
253 2531 379 2609 praedas
395 2532 515 2595 iaciunt.
550 2532 736 2593 Volumnium
757 2533 875 2610 magnis
894 2524 1077 2593 itineribusia

141 2613 294 2675 Samnium
307 2615 483 2679 redeuntem
499 2648 536 2663 -—
552 2618 612 2679 iam
628 2617 706 2678 enim
722 2615 813 2676 Fabio
829 2616 979 2696 Decioque
992 2625 1075 2694 prore

138 2698 199 2772 gati
215 2699 335 2775 imperii
356 2701 424 2763 tinis
442 2701 549 2762 aderet·
560 2734 600 2745 -
615 2700 692 2761 ieme
712 2699 751 2760 de
770 2700 947 2761 Samnitium
967 2693 1077 2760 exercita

138 2778 434 2861 populationibusque
455 2784 681 2862 Campaui'apri
701 2783 739 2843 ad
763 2783 889 2847 tuendos
910 2785 1006 2844 soeios
1023 2790 1075 2837 0⁰¹¹·

109 2867 125 2917 3
137 2863 233 2922 vertit
263 2870 300 2922 ut
312 2864 344 2923 iu
355 2864 496 2927 Calermm
512 2882 616 2943 agrum
631 2868 726 2937 venit,
739 2875 769 2928 et
780 2869 845 2946 ipss
856 2869 954 2928 cernit
967 2857 1075 2926 reuertit

139 2943 381 3024 clarissumis,
403 2959 432 3010 et
449 2947 548 3010 Caleni
564 2958 686 3010 narrant
698 2959 812 3012 tantum
826 2952 885 3015 iam
900 2949 1025 3030 praedae
1036 2944 1075 3002 ht·

110 3030 192 3090 estis
209 3028 344 3101 uehere,
365 3039 399 3092 ut
418 3034 467 3095 rix
481 3033 629 3112 explioare
643 3051 749 3112 agmen
766 3035 895 3113 possint:
917 3036 1014 3112 itaque
1031 3029 1074 3087 itm

137 3113 292 3194 propalam
304 3114 395 3177 ducos
404 3116 500 3198 loqui,
515 3118 661 3197 extemplo
673 3119 802 3180 eundum
813 3119 846 3179 in
857 3118 1007 3179 Samnium
1017 3122 1073 3172 esst

137 3204 171 3257 ut
180 3197 284 3259 relicta
293 3197 335 3259 ibi
351 3201 461 3280 praede
470 3203 503 3264 in
513 3202 731 3282 expeditionem
741 3203 874 3273 redeant,
884 3219 943 3262 nee
952 3208 1010 3261 tam
1021 3205 1070 3285 ⁰1¹?

111 3283 236 3340 aratum
250 3297 356 3359 agmen
371 3286 551 3348 dimicationi
562 3287 753 3354 committant.
781 3305 815 3347 ee
826 3301 1001 3367 quamquam
1011 3280 1073 3366 simi·

137 3357 177 3417 lia
198 3365 279 3452 reris
298 3379 396 3440 erant,
423 3373 531 3432 certius
552 3378 653 3432 tamen
673 3371 853 3451 exploranda
874 3376 958 3429 ratus
976 3360 1074 3424 dimilit

138 3448 266 3517 θῑῐωῑθὸ,
281 3449 332 3522 qui
343 3468 431 3530 vagos
444 3454 635 3533 praedatores
648 3455 680 3514 iu
694 3457 773 3533 agris
786 3454 924 3534 palantes
933 3443 1073 3526 exoptant·
1123 3474 1124 3517 3
