2290 3920
123 236 186 301 216
274 251 369 292 manu
382 250 446 291 m.
460 248 529 292 oar.
546 237 587 291 la.
604 239 647 291 14.
668 238 709 291 15.
727 228 766 312 [a.
781 254 813 295 u.
827 253 852 292 c.
867 228 927 312 536]

94 396 272 478 ¹⁷pulrlicum
284 398 502 477 privatumque,
515 396 552 458 ad
563 414 595 457 se
606 396 688 459 iubet
699 397 823 467 delerri;
838 415 959 476 corpora
968 403 1060 468 reama,

128 482 286 559 coniugum
300 499 335 541 ao
350 481 513 543 liberorum
535 487 697 541 vestrorum
714 488 810 542 servat
823 480 967 550 inviolata,
987 481 1061 567 siin·

92 573 222 639 normes
234 583 301 626 cum
313 564 392 627 binis
404 565 584 627 vestimentis
594 563 689 626 velitis
698 563 735 624 ab
749 565 880 643 Sagunto
892 566 978 625 exire.
1001 563 1062 624 hacc
1105 569 1106 572 ’

92 644 95 663 ’
124 651 217 709 victor
232 650 325 709 hostis
340 651 480 728 imperem
497 648 585 717 haec,
602 666 778 728 quamquam
794 657 863 709 sunt
876 650 972 726 gravia
989 655 1063 726 atquo

126 733 246 804 acerba,
268 734 386 795 fortuna
404 741 501 794 vestra
520 731 602 794 vohis
622 732 733 793 suadet.
771 733 907 813 equidem
928 729 1003 792 haud
1022 730 1063 791 de·

126 835 228 896 spero,
252 836 319 878 cum
339 818 470 878 omnium
490 822 619 897 potestas
639 818 666 877 ei
678 815 754 876 iacta
774 818 826 886 sit,
851 814 958 896 aliquid
977 830 1011 875 ex
1027 813 1065 874 hic

83 930 90 949 ι
125 899 215 962 rebus
235 903 444 970 remissurum
465 900 517 960 sed
539 899 584 959 vel
605 899 678 960 haec
698 900 836 978 patienda
856 917 962 961 censeo
983 900 1065 978 potius

127 1002 214 1064 quem
241 984 383 1045 trucidari
410 1001 536 1063 corpora
562 991 672 1053 vestra,
696 985 760 1062 rapi
784 983 921 1063 trahique
943 990 1008 1044 ante
1024 998 1066 1043 ora

127 1075 224 1128 vestra
239 1069 378 1144 coniuges
393 1084 427 1126 ac
440 1065 552 1127 liberos
568 1065 639 1127 belli
654 1068 719 1128 iure
732 1068 867 1128 sinatis.“

98 1157 113 1209 1
189 1151 260 1212 xiv.
286 1150 329 1212 lo
341 1150 414 1210 haec
424 1150 570 1211 audienda
579 1167 646 1212 cum
662 1151 839 1212 circumfusa
853 1149 994 1231 ffiulatim
1006 1146 1067 1209 md·

126 1233 250 1295 titudine
270 1235 448 1313 permixtum
473 1235 588 1294 senatui
614 1242 692 1295 esset
715 1232 817 1314 populi
838 1232 1009 1319 concillum,
1029 1248 1067 1291 re

61 1308 72 1405 J
128 1325 217 1398 pente
236 1318 383 1396 primores
409 1319 577 1379 secessione
603 1318 694 1388 facta,
715 1320 889 1398 priusquam
910 1331 1068 1397 responsum

63 1410 68 1433 ³
128 1400 264 1471 daretur,
280 1409 435 1480 argentum
447 1420 610 1482 aurumque
625 1419 714 1463 omne
728 1419 765 1463 ex
778 1400 900 1481 publico
914 1404 1069 1479 privatoque

127 1486 159 1545 in
173 1485 272 1546 iorum
292 1485 440 1548 conlatum
462 1488 494 1546 in
515 1487 614 1564 ignem
636 1485 673 1545 ad
696 1484 728 1546 id
745 1486 853 1565 raptim
875 1486 984 1547 iactum
1001 1482 1069 1544 coni

103 1571 243 1632 uolentes
264 1569 368 1632 eodem
384 1569 519 1650 plerique
533 1578 628 1630 semet
640 1571 697 1649 ipsi
713 1571 992 1648 praecipitaverunt.
1015 1580 1069 1627 cun

70 1700 74 1719 ς
130 1671 167 1713 ex
182 1673 217 1715 eo
231 1672 322 1734 pavor
340 1672 375 1714 ac
395 1654 551 1733 trepidatio
565 1661 656 1715 totam
674 1651 780 1713 urbem
795 1654 988 1732 pervasisset,
1011 1649 1071 1710 aius

67 1744 74 1805 ,Γ
128 1738 250 1816 insuper
272 1737 414 1799 tumultus
439 1756 474 1798 ex
499 1755 567 1797 arce
595 1737 720 1798 auditur.
761 1737 852 1797 turris
874 1737 926 1799 diu
954 1741 1071 1816 quassata

69 1862 73 1867 -
127 1821 312 1898 prociderat,
329 1839 440 1900 perque
457 1822 573 1882 ruinam
591 1822 652 1881 eius
668 1821 775 1881 cohors
790 1819 962 1882 Poenorum
977 1821 1071 1896 impetu

129 1901 206 1963 sacto
222 1920 288 1962 cum
301 1903 416 1979 signum
431 1906 604 1983 imperatori
620 1903 748 1965 dedisset
762 1903 905 1965 nudatam
916 1900 1072 1966 anticulo

104 1983 329 2064 acustodiisque
344 1984 436 2046 solitis
453 1988 580 2047 hostium
596 2005 659 2048 esse
672 1987 792 2057 urbem,
813 2004 875 2048 uon
892 1984 1071 2049 cunctandum

130 2070 160 2129 in
182 2069 233 2129 tali
254 2070 408 2129 occasione
432 2079 513 2130 ratus
536 2069 682 2131 Hannibal
704 2073 773 2132 totis
794 2071 908 2132 virilius
934 2072 1073 2150 adgressus

131 2151 237 2214 urbem
255 2160 406 2214 momento
424 2155 503 2233 cepit
517 2156 602 2232 signo
618 2155 700 2225 dato,
724 2162 757 2216 ut
770 2172 874 2216 omnes
895 2155 1020 2235 puberes
1036 2152 1072 2210 lo·

130 2237 346 2298 terllcereutur.
389 2237 468 2318 quod
495 2239 654 2317 imperium
674 2238 809 2308 crudele,
842 2247 976 2301 ceterum
996 2249 1073 2317 propo

103 2321 332 2383 onecessarium
353 2322 503 2400 cognitum
529 2324 594 2401 ipso
617 2330 724 2384 eventu
743 2329 803 2384 cst:
831 2340 886 2402 cur
907 2325 987 2384 enim
1006 2315 1073 2420 parci

152 2406 226 2465 otuit
241 2423 277 2465 ex
290 2406 341 2475 iis,
377 2406 408 2465 ui
487 2405 593 2467 inclusi
608 2424 675 2466 cum
689 2405 865 2484 coniugibus
879 2424 915 2467 ao
970 2420 1024 2465 eris
1048 2417 1106 2461 o·.

132 2505 197 2548 mos
217 2506 306 2567 super
323 2507 354 2549 se
371 2491 451 2576 ipsos
474 2507 749 2574 concremauerun,
768 2493 847 2577 E
847 2485 1073 2634 {Qum
1101 2526 1106 2537 .

43 2577 119 2661 „¹1
133 2574 901 2660 &now
973 2573 1003 2630 V·
1031 2568 1073 2629 θ’·

60 2664 70 2693 ³
132 2663 216 2734 ptum
232 2657 372 2736 oppidum
388 2665 513 2720 osteum
525 2660 638 2736 ingenti
651 2657 769 2737 praeda.
799 2674 979 2737 quamquam
993 2654 1072 2734 plera·

134 2757 190 2817 que
202 2738 238 2799 ab
254 2740 380 2800 dominis
395 2740 432 2801 de
443 2742 586 2802 industria
598 2745 737 2821 corrupta
752 2749 850 2811 erant,
867 2750 896 2801 et
910 2743 942 2800 iu
954 2734 1073 2801 caedibus
1110 2743 1111 2748 ’

65 2866 71 2883 2
134 2822 181 2880 vix
197 2820 289 2882 ullum
306 2822 464 2884 discrimen
480 2827 582 2886 aetatis
599 2827 643 2889 ira
658 2825 782 2896 iecerat,
800 2835 830 2887 et
844 2825 951 2904 captivi
966 2820 1072 2884 miluo
1110 2885 1111 2890 ,

105 2913 121 2962 2
132 2903 242 2983 praeda
265 2904 396 2975 lucrant,
425 2914 525 2968 tamen
548 2917 578 2969 et
604 2927 640 2970 ex
664 2912 759 2989 pretio
785 2927 887 2971 rerum
908 2907 1072 2966 venditarum

134 2988 314 3068 aliquantum
334 2991 476 3068 pecuniae
498 2991 649 3053 redactum
670 3010 734 3054 esse
755 3000 887 3061 constat,
919 2999 950 3050 et
971 2985 1072 3050 mulam

134 3073 294 3152 pretiosam
308 3072 541 3155 suppellectilem
556 3085 725 3158 vestemque
740 3079 859 3140 missam
874 3073 1072 3148 Carthaginem.

109 3162 125 3213 3
200 3156 308 3219 Octavo
321 3176 439 3229 meuse,
455 3176 543 3239 quam
557 3168 694 3240 coeptum
710 3161 888 3240 oppugnari,
904 3163 1019 3235 captum
1033 3148 1072 3208 So·

137 3247 260 3315 guntum
283 3243 400 3323 quidam
428 3245 589 3323 scripsere;
611 3244 681 3305 inde
706 3244 911 3322 Carthaginem
934 3253 1032 3299 novam
1049 3244 1073 3288 ¹1¹

136 3319 260 3381 hiberna
281 3327 475 3389 Hannibalem
502 3331 697 3399 concessisse;
721 3330 824 3408 quinto
849 3323 956 3388 deinde
979 3328 1072 3380 mense,
1130 3326 1134 3393 g

67 3386 226 3479 squam
242 3404 278 3464 ab
294 3409 469 3489 Carthagine
488 3412 639 3491 profectus
658 3415 711 3483 sit,
731 3415 761 3473 in
782 3411 893 3473 ltaliam
913 3401 1073 3486 pervenisse·

28 3492 31 3543 t
97 3508 103 3563 χ
113 3493 130 3539 4
139 3499 214 3562 quae
229 3486 254 3543 si
268 3488 307 3548 ita
318 3501 399 3563 sunt,
415 3496 479 3554 lieri
495 3514 555 3556 nou
569 3500 681 3577 potuit,
695 3504 729 3558 ut
742 3497 774 3556 P.
785 3492 937 3558 Cornelius
951 3487 994 3548 Ti.
1005 3482 1073 3543 Sem·

30 3632 33 3751 t
