2396 3920
125 201 168 264 24
266 214 361 267 arser
375 210 513 259 111111.
531 199 575 253 23.
590 200 634 251 24.
651 190 691 275 [a.
706 214 739 257 u.
753 214 780 257 c.
795 199 856 252 414.
874 190 938 277 401]

127 366 243 427 aerario
254 364 380 431 delerre,
392 370 531 441 quattuor
543 362 667 442 expletis
677 359 842 439 legionibus
853 361 933 441 quod
940 363 1091 440 superfuit

93 460 113 506 4
127 447 253 510 militurn
266 447 298 506 P.
312 444 428 507 Valerio
439 445 607 507 Publicolae
619 446 750 523 praetori
765 444 899 514 tradidit,
917 454 1019 506 auctor
1036 465 1090 527 pa·

129 530 223 592 tribus
236 529 385 592 scribendi
400 528 520 589 alterius
535 529 694 598 exereitus
717 529 795 607 qnod
810 528 846 590 ad
869 529 999 593 incertos
1016 528 1090 591 belli
1182 518 1191 569 <3

95 625 112 674 a
129 623 249 676 eventus
261 612 424 675 subsidium
437 616 481 674 rei
494 612 629 692 publicae
645 620 732 673 esset.
758 614 822 691 ipse
835 614 895 673 iam
906 615 977 674 satis
991 616 1090 674 omni·¹
1186 642 1191 697 p

128 700 184 760 hus
207 698 358 759 instructis
375 698 600 775 conparatisque
618 695 655 756 ad
676 696 793 756 hostem
812 698 920 774 pergit.
956 698 1042 757 cuius
1058 705 1090 758 ut
1186 702 1191 777 f¹

127 785 210 862 prius
226 789 362 843 nosceret
378 782 470 850 vires,
487 798 575 857 quam
592 778 842 859 periculoultimo
859 786 1034 859 temptaret,
1054 782 1089 840 in
1176 808 1191 845 Ἰς

128 866 257 935 tumulo,
281 883 369 945 quem
383 866 550 943 proximum
572 862 676 924 eastris
692 861 841 924 Gallorum
862 876 968 941 capere
982 866 1091 942 potuit,
1190 893 1191 899 1

97 958 114 1009 6
129 951 236 1014 vallum
252 949 361 1010 ducere
378 948 483 1027 coepit.
515 964 588 1025 gens
602 947 730 1007 feroxet
743 948 856 1025 ingenii
870 947 947 1007 aridi
962 947 998 1008 ad
1013 965 1091 1027 pug-
1190 982 1191 985 =

129 1054 203 1115 narn
223 1051 290 1094 cum
314 1031 418 1111 procul
439 1032 506 1091 visis
525 1029 725 1093 Rornanorum
753 1032 857 1108 signis,
886 1038 920 1090 nt
941 1030 1093 1110 extemplo
1190 1074 1191 1081 1

128 1117 274 1198 proelium
288 1112 412 1183 initura,
434 1114 623 1194 explicuisset
640 1116 751 1183 aciem,
771 1121 926 1192 postquam
943 1131 1040 1195 neque
1058 1116 1090 1174 in

129 1218 257 1280 aequum
270 1199 385 1259 demitti
405 1214 510 1275 agmen
526 1198 610 1266 vidit,
638 1204 668 1257 et
691 1215 757 1258 cum
775 1195 834 1257 loci
854 1196 1008 1258 altitudine
1027 1204 1090 1258 turn

129 1284 205 1346 vallo
222 1285 308 1343 etiam
322 1283 415 1358 integi
430 1281 595 1350 Romanos,
615 1279 768 1359 perculsos
782 1294 892 1359 pavore
907 1288 984 1349 rata,
1000 1280 1091 1341 simul

130 1369 352 1448 oportuniores,
369 1366 565 1445 quodintenti
577 1372 641 1425 tum
652 1364 778 1425 maxime
788 1366 878 1443 'operi
894 1371 1000 1435 esseut,
1013 1366 1093 1424 truci

96 1453 258 1514 telamore
278 1449 459 1527 adgreditur.
496 1449 532 1510 ab
548 1449 688 1510 Romanis
715 1465 772 1508 nec
791 1465 865 1525 opus
888 1449 1091 1507 intermissum
1190 1494 1191 1511 1

132 1571 168 1582 -
186 1536 280 1596 triarii
294 1541 393 1604 erant,
410 1535 462 1613 qui
475 1532 649 1594 muniebant
661 1564 703 1576 —
715 1538 744 1592 et
760 1529 796 1592 ab
813 1532 933 1592 hamatis
947 1532 1091 1610 principi·

130 1620 259 1697 busque,
278 1619 328 1695 qui
346 1635 400 1695 pro
415 1615 612 1676 munitoribus
632 1616 737 1674 intenti
761 1616 922 1693 armatique
938 1623 1094 1684 steterant,

102 1701 276 1781 sproelium
291 1701 406 1760 initum.
437 1705 555 1777 praeter
566 1700 704 1757 virtutem
723 1697 806 1759 locus
821 1716 938 1777 quoque
954 1698 1092 1776 superior

132 1782 254 1852 adiuvit,
277 1791 309 1841 ut
326 1781 385 1859 pila
404 1782 503 1841 omnia
523 1781 683 1858 hastaeque
702 1798 763 1841 non
779 1787 930 1860 tamquam
944 1798 981 1842 ex
995 1798 1094 1860 aequo

123 1870 324 1934 missuram,
342 1864 421 1943 quod
436 1863 610 1942 plerumque
624 1864 670 1932 fit,
690 1864 847 1933 caderent„
871 1865 923 1924 sed
942 1866 1041 1924 omnia
1053 1860 1092 1924 li-

35 2010 39 2017 ,
59 2002 62 2006 ,
99 1959 116 2008 9
131 1952 215 2010 brata
229 1945 410 2028 ponderibus
424 1948 601 2026 figerentur:
616 1950 787 2028 oneratique
799 1947 866 2008 telis
879 1947 968 2016 Galli,
983 1947 1095 2026 quibus

133 2043 183 2094 ant
197 2050 322 2112 corpora
337 2032 475 2093 transfixa
490 2038 540 2092 aut
555 2040 746 2110 praegravata
765 2031 989 2092 inhaerentibus
1004 2048 1092 2108 gere·

132 2118 204 2178 hant
212 2124 308 2186 scuta,
325 2135 392 2177 cum
405 2134 493 2176 cursu
504 2133 597 2193 paene
611 2117 642 2175 in
654 2116 808 2177 adversum
820 2116 976 2185 subissent,
992 2117 1093 2192 primo

90 2203 239 2262 1011111111
261 2202 415 2271 restitere;
439 2199 507 2258 dein
530 2216 597 2258 cum
614 2201 677 2278 ipsa
694 2201 841 2261 cunctatio
870 2207 899 2258 et
914 2199 960 2259 his
976 2199 1093 2258 animos

133 2287 287 2345 minuisset
306 2293 335 2344 et
349 2285 477 2344 auxisset
490 2281 581 2351 hosti,
599 2282 708 2361 inpulsi
722 2291 803 2343 retro
823 2300 912 2342 ruere
933 2282 982 2342 alii
1000 2299 1093 2360 super

133 2368 206 2428 alios
230 2375 418 2443 stragemque
444 2365 523 2424 inter
544 2381 576 2424 se
603 2366 693 2425 caede
719 2369 783 2444 ipsa
812 2366 975 2426 foediorem
1003 2365 1091 2424 dare:

134 2450 381 2529 adeo'praeeipiti
410 2447 499 2507 turha
524 2447 626 2508 obtriti
646 2448 747 2528 plures
771 2467 858 2528 quam
879 2449 959 2509 ferro
984 2450 1092 2509 necati.

102 2544 116 2594 1
132 2532 231 2595 XXIV.
260 2533 394 2594 Necdum
411 2539 492 2592 certa
505 2530 646 2593 Romanis
662 2533 782 2594 victoria
800 2540 877 2600 erat;
894 2530 1093 2603 1111111111-

102 2629 119 2677 2
133 2636 205 2697 pum
221 2618 368 2694 degressis
383 2624 537 2693 supererat
550 2614 658 2676 moles:
676 2633 804 2694 namque
819 2613 975 2676 multitudo
992 2614 1094 2676 Gallo·

133 2719 200 2760 rum
223 2716 483 2780 sensumomnem
502 2697 568 2756 talis
594 2698 694 2761 damni
717 2716 897 2778 exsuperans
915 2699 994 2760 velut
1017 2716 1094 2758 nora

134 2800 239 2843 rursus
257 2783 408 2841 exoriente
421 2780 484 2839 acie
498 2781 646 2857 integrum
657 2782 781 2843 militem
795 2782 935 2843 adversus
951 2783 1093 2843 victorem

100 2867 250 2926 3111111111
274 2861 384 2931 ciebat;
406 2863 545 2941 stetitque
570 2881 727 2943 suppresso
749 2868 862 2947 impetn
876 2866 1051 2935 Romanus‚'
1064 2872 1095 2925 et

135 2952 202 3028 quia
212 2950 319 3009 iterum
331 2946 416 3008 fessis
429 2943 582 3006 subeunda
593 2947 742 3009 dimicatio
753 2959 830 3019 erat,
843 2959 873 3010 et
886 2950 964 3029 quod
980 2947 1095 3019 consul,

134 3034 203 3095 dum
218 3033 296 3092 inter
317 3032 464 3107 primores
481 3030 616 3091 incautus
637 3033 741 3110 agitat,
763 3032 845 3093 laevo
869 3051 970 3093 umero
986 3033 1097 3092 matari

99 3126 117 3173 4
132 3119 225 3195 prope
244 3116 366 3176 traiecto
376 3120 508 3173 cesserat
522 3131 681 3194 parumper
697 3133 733 3176 ex
749 3118 821 3177 acie.
851 3117 969 3193 iamque
985 3118 1097 3176 omissa

70 3264 74 3273 ¹
135 3199 299 3260 cunctando
316 3198 437 3258 victoria
458 3204 536 3267 erat,
559 3215 626 3258 curn
649 3197 752 3259 consul
767 3198 889 3260 vulnere
910 3198 1030 3277 alligato
1046 3214 1096 3260 re·

134 3290 233 3342 rectus
248 3281 285 3340 ad
300 3282 395 3358 prima
412 3281 496 3358 signa
521 3281 616 3359 „quid
632 3288 705 3351 stas,
722 3280 852 3342 milesi“
872 3282 982 3362 inquit:
1007 3296 1097 3353 „non

136 3381 203 3426 cum
217 3362 320 3421 Latino
337 3362 504 3441 Sabinoque
518 3363 602 3424 hoste
616 3383 665 3425 res
686 3373 743 3433 est,
768 3384 857 3445 quem
868 3367 983 3427 *victum
1004 3368 1102 3427 armis

103 3447 247 3508 esocium
262 3461 298 3503 ex
310 3443 394 3526 hoste
411 3445 515 3507 iacias:
530 3447 562 3506 in
575 3445 677 3509 beluas
690 3450 861 3511 strinximus
875 3449 1003 3519 ierrum3
1022 3451 1101 3511 hau·
