2280 3926
229 237 324 280 trena
336 240 368 279 x.
386 237 455 281 oar.
472 224 515 275 32.
532 223 576 280 33.
594 215 635 298 [a.
652 219 687 281 0.
701 225 763 278 295.
782 217 845 301 294]
961 223 1023 287 183

9 450 10 453 ,
67 393 161 466 pacata
181 386 389 465 sociorumque
412 385 516 466 populi
531 387 658 448 Romani
679 387 754 448 fines
770 387 930 449 Samnitem
953 404 1023 468 pro-

67 469 204 531 hiberent.
248 488 317 531 cum
340 479 437 532 eastra
464 471 569 533 eastris
591 470 708 532 conlata
733 479 846 542 essent,
873 472 952 553 quod
978 473 1051 531 viso
1130 550 1131 553 Ἴ

9 624 11 627 ,
66 554 206 617 Romanus
230 555 340 615 totiens
360 556 454 617 vietor
476 554 613 626 auderet,
635 556 699 616 ausi
723 555 869 617 Samnites
890 564 960 617 sunt
984 589 1020 602 -

9 698 11 737 ᾗ
65 644 169 700 tantum
192 638 361 719 desperatio
381 638 484 700 ultim
504 640 680 702 temeritatis
699 639 770 701 iacit
788 673 832 684 -
856 648 952 702 eastra
964 641 1023 702 Ro·

9 762 11 799 g
64 740 142 785 mana
156 740 347 804 oppugnare;
371 730 401 784 et
427 736 553 785 'uamu
624 741 685 785 non
706 723 787 784 venit
806 722 948 785 adfinem
963 731 1021 786 tam

9 962 11 979 μ
63 908 148 953 oraa
182 911 214 954 m
260 910 311 953 um
352 909 391 952 rer
433 910 504 954 ensa
527 891 615 966 adeo,
639 891 761 955 ntluois
774 910 860 954 usum
883 893 1021 972 e'poret,

9 998 11 1049 ;
63 993 115 1036 non
130 985 292 1058 prospectu
302 975 392 1038 modo
404 984 486 1038 extra
498 975 606 1040 vallum
620 977 774 1058 adempto,
790 976 843 1038 sed
854 979 1022 1058 propinquo

64 1061 144 1121 etiam
162 1060 421 1140 congredientium
436 1063 515 1123 inter
532 1080 563 1123 se
580 1069 752 1144 conspectu.
785 1063 841 1123 hac
856 1061 935 1123 velut
948 1060 1049 1122 late-7
1130 1102 1131 1107 η

9 1174 11 1203 3
63 1142 109 1205 ira
123 1145 300 1210 insidiarum
320 1145 390 1206 freti
404 1145 552 1207 Samnites
572 1147 691 1209 undum
714 1149 785 1209 satis
805 1153 886 1208 certa
905 1146 972 1208 luce
995 1154 1023 1207 et

9 1234 11 1261 ³
63 1245 119 1290 eam
140 1231 236 1310 ipsam
257 1236 415 1310 premente
436 1229 562 1309 ealigine
580 1232 617 1294 ad
638 1233 796 1294 stationem
811 1232 974 1293 Romanam
991 1231 1022 1295 tn

63 1320 138 1390 porta
151 1315 286 1394 segniter
301 1322 438 1392 agentem
455 1314 569 1392 vigilias
582 1316 768 1394 perveniunt.
801 1317 951 1395 inproviso
969 1319 1051 1395 op·8

9 1398 11 1455 ἶ
61 1399 161 1476 pressis
181 1417 240 1460 nee
262 1399 355 1460 animi
375 1400 446 1461 satis
468 1398 505 1460 ad
528 1399 727 1461 resistendum
750 1417 807 1460 nec
831 1401 937 1460 virium
955 1401 1020 1461 tuit.

9 1490 11 1541 ἑ
62 1477 93 1540 ab
108 1490 189 1561 tergo
202 1490 371 1545 castrorum
383 1484 547 1545 decumana
558 1491 645 1563 porta
655 1485 786 1563 impetus
796 1483 907 1551 faetus3
923 1485 1051 1562 itaquett

9 1590 11 1637 3
66 1574 169 1645 raptum
189 1568 412 1650 quaestorium,
434 1575 634 1648 quaestorque
654 1566 697 1628 ihi
719 1568 753 1628 L.
772 1566 906 1644 Opimius
925 1565 1021 1628 Pansa

9 1664 11 1667 ’
63 1652 173 1714 occisus.
211 1650 431 1714 conclamatum
451 1652 521 1712 inde
547 1651 585 1712 ad
605 1669 697 1713 arma.
747 1649 875 1713 xxxin.
915 1650 1048 1712 Consull

9 1728 11 1791 ἕ
64 1734 176 1799 tumultu
190 1738 306 1799 excitus
328 1737 466 1799 cohortes
486 1736 558 1798 duas
575 1737 739 1808 sociorum,
760 1736 909 1797 Lucanam
933 1734 1021 1797 Sues·

9 1830 11 1881 :
64 1833 225 1902 sanamque,
246 1840 324 1901 quae
340 1823 495 1902 prosimae
514 1820 592 1883 torte
616 1829 715 1891 eraut,
737 1821 816 1882 tueri
837 1820 1021 1900 praetorium
1064 1866 1072 1881 .

65 1900 149 1974 nhet3
164 1905 337 1986 manipulos
351 1905 502 1984 legionum
516 1904 674 1986 principali
688 1907 734 1968 via
748 1905 871 1967 inducit.
902 1903 1021 1966 vixdum
1033 1913 1049 1959 2

9 2018 11 2023 >
62 1988 121 2047 satis
134 1992 239 2070 aptatis
258 1991 348 2052 armis
362 1991 394 2051 in
409 1989 529 2051 ordines
545 1999 616 2053 eunt
634 2000 665 2052 et
678 1990 808 2052 elamore
821 1991 915 2070 magis
932 2008 1021 2071 quam

9 2082 10 2139 ἢ
60 2070 144 2133 oeulis
157 2074 276 2136 hostem
291 2083 431 2146 noscunt,
453 2093 525 2147 nec,
548 2082 676 2155 quantus
696 2092 838 2137 numerus
853 2076 906 2144 sit,
933 2076 1021 2134 aesti-

9 2168 11 2233 ξ
62 2157 126 2217 nari
136 2166 244 2237 potest.
272 2159 382 2220 cedunt
395 2161 494 2238 primo
505 2161 613 2221 incerti
626 2159 764 2222 fortunae
779 2177 850 2222 suae
860 2166 890 2220 et
903 2158 1021 2219 hostem
1034 2162 1050 2214 3

9 2244 11 2271 ³
63 2245 212 2305 introrsum
232 2245 267 2304 in
290 2242 387 2304 media
409 2253 505 2307 eastra
532 2246 690 2324 accipiunt.
730 2243 800 2305 iiie
824 2260 892 2303 oum
919 2240 1022 2302 censui
1130 2240 1131 2243 ’

65 2325 280 2401 uociferaretur,
304 2326 457 2408 expulsine
478 2337 562 2391 extra
582 2327 691 2389 vallum
715 2335 812 2388 eastra
838 2325 946 2387 deinde
968 2345 1021 2387 sua

62 2413 253 2490 oppugnaturi
270 2420 384 2483 essent,
403 2414 554 2493 rogitans,
570 2411 700 2473 elamore
716 2410 831 2473 sublato
846 2411 945 2471 conixi
958 2408 1049 2491 pri-'4

61 2505 103 2550 no
115 2499 266 2567 resistunt,
285 2496 392 2558 deinde
403 2496 537 2558 inierunt
550 2495 658 2576 pedem
670 2503 836 2576 urgentque
848 2503 878 2556 et
886 2494 1020 2574 inpulsos

61 2578 142 2638 semet
157 2588 276 2643 terrore
293 2581 399 2643 eodem
413 2590 518 2659 agunt,
541 2599 600 2661 quo
621 2586 799 2659 coeperunt,
819 2585 849 2640 et
870 2577 1021 2656 expellunt

62 2666 136 2723 extra
151 2673 272 2743 portam
286 2664 462 2745 vallumque.
495 2664 565 2726 inde
585 2681 713 2746 pergere
734 2682 770 2725 ac
783 2664 936 2743 persequi,
953 2663 1049 2742 quiae
1130 2660 1131 2666 ’

62 2744 169 2809 turbida
190 2750 243 2812 lux
263 2757 376 2812 metum
400 2751 479 2811 circa
501 2749 675 2811 insidiarum
701 2748 843 2819 iaciebat,
867 2765 927 2808 non
948 2749 1019 2818 ausi,

63 2819 187 2921 liberatis
198 2836 304 2896 castris
316 2836 447 2897 contenti
459 2840 640 2915 receperunt
650 2851 682 2896 se
694 2835 773 2895 intra
784 2830 892 2894 vallum
904 2839 1018 2895 trecen·

64 2911 205 3005 sspferme
228 2918 357 2980 hostium
379 2921 493 2982 nocuis.
531 2919 734 2982 Romanorum
757 2919 890 2980 stationis
900 2919 1049 2997 'primaett

65 2995 244 3086 tigillumque
257 3010 286 3065 et
298 3022 411 3075 eorum,
423 3007 473 3085 qui
484 3006 564 3067 cirea
575 3005 777 3086 quaestorium
790 3004 933 3083 oppressi,
950 3019 1019 3080 per·
1130 3052 1131 3055 ,

67 3089 121 3140 tere
135 3084 170 3144 ad
184 3089 387 3167 septingentos
403 3091 532 3167 triginta.
1130 3096 1131 3099 ’

121 3166 240 3232 Animos
254 3171 324 3232 inde
338 3172 518 3235 Samnitibus
532 3191 593 3234 non
614 3168 718 3232 infelix
739 3169 861 3231 audacia
881 3175 976 3237 auxit,
993 3175 1048 3228 ett

70 3257 123 3306 non
136 3253 220 3314 modo
237 3256 376 3335 proferre
395 3256 465 3318 inde
486 3265 582 3319 eastra
596 3241 779 3324 Romanum,
792 3251 855 3313 sed
872 3269 911 3312 ne
926 3250 1020 3332 pabu-

69 3319 119 3389 lari
128 3337 242 3413 quidem
252 3358 309 3420 per
318 3359 406 3420 agros
424 3359 493 3404 suos
508 3339 713 3421 patiebantur.
735 3344 816 3398 retro
834 3338 867 3398 in
883 3345 1019 3416 pacatum
1130 3374 1131 3377 =

73 3405 205 3482 Soranum
222 3442 325 3505 agrum
340 3424 530 3506 pabulatores
544 3424 637 3487 ibant.
669 3440 795 3506 quarum
812 3441 914 3485 rerum
932 3421 1048 3492 famae
1130 3468 1131 3475 ,

72 3497 264 3572 tumultuosior
280 3512 383 3585 etiam,
398 3529 486 3594 quam
502 3530 551 3576 res
569 3525 668 3580 erant,
685 3506 797 3591 perlata
813 3508 938 3573 Romam
953 3525 1020 3569 eoe-
