2396 3920
190 232 195 238 ’
295 254 390 296 nmen
402 255 461 298 vrr.
485 235 860 320 cur.14.lb..[c.0.358]
1017 246 1055 306 15

94 414 208 483 tempus
221 392 377 481 pugnandi
391 410 572 480 sumpturos,
594 408 619 462 si
636 402 672 464 ab
687 405 865 484 imperatore
882 423 941 466 non
959 405 1053 467 detur.

89 487 159 548 dum
176 487 255 551 baec
269 485 445 565 loquuntur,
461 488 591 548 iumenta
602 487 678 549 forte
688 491 837 566 pascentia
851 497 933 550 extra
949 487 1053 552 vallum
1069 498 1086 546 4
1192 484 1193 565 s

87 570 173 632 Gallo
199 569 334 647 abigenti
357 567 415 631 duo
436 568 545 630 milites
565 569 704 632 Romani·
719 571 902 635 ademerunt.
944 574 974 632 in
1003 591 1053 634 eos

53 660 61 669 ’
85 672 158 716 saxa
175 655 313 714 coniecta
333 652 468 731 aGallls,
487 651 593 714 delude
608 653 645 715 ab
656 653 787 717 Romana
801 658 926 718 statione
941 655 1053 717 clamor
1192 696 1193 703 κ

4 770 6 777 <
84 747 175 799 ortus
197 754 234 797 ac
255 753 433 814 procursum
454 738 603 817 utrimque
625 747 678 800 est.
715 740 832 818 iamque
852 740 930 801 haud
949 737 1085 819 procule
1192 734 1193 739 ’

4 828 11 839 ·“
83 824 168 882 iusto
183 818 301 898 proelio
315 826 483 891 reserant,
505 821 536 880 ni
553 819 690 882 celeriter
706 821 882 902 diremptum
903 830 1052 883 certamen

83 922 142 984 per
160 904 355 964 centuriones
369 912 455 966 esset.
488 903 639 966 adfirmata
655 914 783 966 certeco
799 924 869 967 casu
884 904 960 967 Tulli
976 905 1052 983 apud

85 989 269 1048 dictatorem
283 984 357 1047 ades
374 996 431 1057 est,
453 1004 508 1047 nec
523 989 685 1068 recipiente
705 991 764 1050 iam
787 988 957 1051 dilationem
974 1006 1007 1049 re
1021 989 1052 1047 in

85 1079 245 1151 posterum
261 1069 340 1130 diem
356 1069 481 1131 edicitur
496 1072 558 1132 acie
576 1079 767 1151 pugnaturos.
802 1073 926 1135 dictator
941 1081 1049 1142 tamen,
1067 1079 1084 1132 6

86 1163 121 1216 ut
136 1155 191 1234 qui
204 1155 300 1231 magle
313 1155 417 1215 animis
429 1170 516 1234 quam
533 1154 644 1216 viribus
661 1156 754 1218 fretus
776 1158 812 1217 ad
827 1166 978 1219 certamen
1001 1156 1051 1217 de·
1132 1173 1136 1181 ·

4 1302 6 1305 ,
90 1238 267 1308 scenderet,
286 1238 386 1298 omnia
398 1239 625 1318 circumspicere
647 1247 734 1319 atque
752 1242 863 1318 agitare
886 1241 996 1319 eoepit,
1020 1249 1053 1300 ut

4 1332 6 1405 ὲ
91 1329 158 1382 arte
182 1320 276 1397 aliqua
297 1327 443 1381 terrorem
463 1321 596 1383 hostibus
620 1325 774 1385 incuteret.
812 1323 925 1385 sollerti
954 1325 1051 1384 animo

4 1418 6 1475 ζ
92 1423 158 1464 rem
175 1421 277 1464 noram
294 1405 458 1483 excogitat,
486 1422 542 1484 qna
557 1404 663 1467 deinde
679 1405 763 1467 multi
780 1409 873 1468 nosni
893 1415 980 1486 atque
1001 1424 1050 1466 ex·

5 1500 6 1503 ’
95 1488 179 1547 terni
189 1489 396 1564 imperatores,
412 1496 641 1567 nostmquoque
652 1490 771 1566 quidam
786 1496 894 1558 aetate,
910 1491 956 1549 usi
972 1497 1049 1548 sunt.

4 1578 6 1645 ᾗ
99 1568 189 1629 mulis
204 1574 286 1632 strata
302 1571 418 1632 detrahi
430 1570 514 1632 iubet
528 1570 663 1650 binisque
676 1578 788 1632 tantum
805 1570 989 1632 centunculis
1004 1588 1051 1631 re·
1066 1579 1083 1628 7

4 1652 6 1737 ζ
95 1651 174 1713 lictis
189 1669 326 1731 agasones
340 1656 447 1733 partim
469 1655 590 1733 captivis
604 1655 712 1733 partim
727 1672 883 1734 aegrorum
898 1654 988 1714 armis
1002 1672 1050 1714 or·

4 1756 6 1791 r
91 1745 178 1798 natos
192 1738 315 1816 inponit.
331 1737 378 1798 his
390 1737 455 1798 fere
466 1737 546 1799 mille
558 1738 668 1799 effectis
683 1746 800 1800 eentum
812 1737 953 1800 admiscet
969 1740 1049 1818 equi·
1065 1745 1082 1796 8
1192 1758 1193 1769 ¹

92 1830 153 1890 tes,
170 1828 200 1881 et
216 1829 302 1882 nocte
323 1839 414 1900 super
435 1829 531 1884 castra
548 1825 579 1881 in
597 1831 713 1884 montes
729 1823 852 1885 evadere
874 1840 908 1884 ac
925 1820 1050 1883 siluisse

91 1903 242 1965 occultare
259 1904 339 1966 iubet
354 1915 453 1984 neque
465 1905 534 1966 inde
547 1913 615 1968 ante
626 1909 752 1978 moveri,
771 1925 858 1986 quam
870 1907 906 1967 ab
923 1925 954 1968 se
966 1923 1049 1966 acee-

88 1989 190 2067 perint
203 1990 331 2067 signum.
363 1989 441 2067 ipse,
463 1988 515 2050 ubi
536 1988 655 2060 inluxit,
678 1993 708 2050 in
735 1989 885 2053 radicibus
905 1991 1081 2051 montiume
1192 2020 1193 2023 κ

89 2071 252 2133 extendere
267 2073 360 2133 aciem
378 2074 475 2152 coepit
494 2073 610 2144 sedulo,
637 2083 668 2135 ut
685 2074 830 2149 adversus*
845 2081 960 2135 montes
980 2090 1049 2133 eon·

88 2157 209 2216 sisteret
220 2156 323 2218 hostis.
348 2157 564 2218 instructovani
576 2160 700 2219 terroris
711 2164 862 2237 apparatu,
874 2156 1050 2236 quiquidem
1060 2162 1092 2213 10

89 2247 189 2300 terror
199 2238 267 2319 plus
280 2240 575 2319 paeneverisriribus
585 2241 705 2320 profuit,
719 2244 817 2321 primo
829 2240 952 2301 credere
960 2239 1050 2299 duces

89 2321 243 2385 Gallorum
263 2340 325 2384 non
342 2322 537 2385 descensuros
555 2325 586 2384 in
607 2343 734 2404 aequum
747 2319 910 2393 Romanum
933 2321 1049 2391 deinde,

4 2458 6 2481 f
88 2405 142 2466 ubi
160 2406 317 2485 degressos
337 2414 459 2484 repente
479 2406 631 2478 uiderunt,
654 2417 684 2469 et
704 2410 760 2486 ipsi
783 2409 858 2469 avidi
878 2407 1049 2469 certaminis

4 2494 6 2497 ’
89 2492 122 2550 in
137 2490 284 2569 proelium
304 2497 408 2559 ruunt,
426 2492 565 2569 priusque
580 2509 678 2570 pugna
701 2493 811 2571 coepit,
830 2508 916 2569 quam
932 2493 1048 2567 signnm

4 2576 5 2579 ’
87 2573 270 2634 ab'dueibus
285 2574 413 2634 daretur.
458 2574 516 2634 XV.
551 2575 654 2634 Acrius
668 2576 801 2635 invasere
818 2572 893 2633 Galli
914 2572 1080 2632 dextrumi

87 2672 198 2726 coruu;
214 2676 313 2736 neque
324 2658 462 2719 sustineri
475 2658 651 2737 potuissent,
667 2657 699 2716 nl
711 2656 787 2716 iorte
800 2673 834 2717 eo
845 2654 911 2716 loeo
925 2653 1050 2715 dictator

88 2741 200 2812 inisset,
215 2740 282 2802 Sex.
300 2739 427 2802 Tullium
443 2734 562 2802 nomine
576 2741 733 2820 increpans
743 2741 942 2822 rogitansque,
958 2740 1050 2801 sicine

4 2842 6 2889 ῑ
87 2833 273 2904 pugnaturos
295 2825 402 2886 milites
424 2823 646 2906 spopondisset?
683 2824 735 2886 ubi
755 2823 797 2885 illi
821 2822 965 2888 clamores
992 2825 1082 2884 sinte

87 2925 171 2969 arma
184 2908 378 2988 poscentium,
395 2908 446 2969 ubi
460 2911 565 2979 minae,
580 2911 692 2970 iniussu
703 2910 891 2988 imperatoris
903 2906 1049 2988 proelium

4 3050 5 3057 ,
87 2993 233 3053 inituros?
249 2994 394 3073 enipeum
408 2993 617 3072 imperatorem
626 2993 703 3055 clara
713 3010 784 3055 voce
796 3010 901 3056 vocare
914 2992 948 3053 ad
961 3010 1048 3070 proe-

4 3072 6 3091 '
70 3074 162 3135 'bum
178 3084 207 3136 et
219 3078 264 3138 ire
279 3084 424 3138 armatum
443 3083 510 3139 ante
530 3078 624 3157 prima
640 3078 735 3156 signa!
759 3080 860 3158 eequis
875 3081 1049 3155 sequeretur

87 3175 207 3230 eorum,
225 3161 277 3239 qui
295 3160 384 3222 modo
406 3160 521 3222 ducturi
543 3161 669 3231 luerint,
691 3163 721 3221 in
745 3162 849 3223 eastris
866 3159 996 3226 feroces,
1018 3159 1049 3217 in

85 3244 153 3304 acie
168 3243 281 3322 paridi?
295 3262 365 3306 vera
385 3243 556 3307 audiebant:
575 3247 672 3326 itaque
687 3252 784 3307 tantos
800 3242 896 3324 pudor
916 3241 1049 3304 stimulos
1064 3252 1080 3304 3

85 3324 233 3399 admovit,
249 3336 284 3390 ut
301 3337 425 3391 ruerent
439 3329 470 3390 in
492 3329 620 3390 hostium
641 3328 699 3390 tela
718 3329 851 3390 alienatis
872 3346 888 3387 a
907 3328 1049 3388 memoria

84 3409 217 3488 periculi
229 3413 345 3474 animis.
375 3412 425 3474 hie
440 3413 537 3492 primu
553 3415 681 3491 impetus
695 3429 788 3491 prope
803 3430 906 3473 vecors
922 3410 1050 3472 turbavit

84 3494 203 3566 hostes,
217 3512 308 3577 eques
323 3495 429 3558 deinde
447 3497 571 3558 emissus
584 3496 717 3556 turbatos
732 3497 844 3558 avertit.
879 3496 942 3575 ipse
959 3493 1049 3553 dieta·
1064 3500 1082 3549 4
