2350 3922
263 216 356 258 nmen
369 218 459 264 xxm.
476 216 542 261 oar.
556 204 599 261 19,
614 205 658 258 20.
675 195 715 280 [a.
728 199 763 289 0:
778 196 840 280 216]
989 203 1051 266 339

91 363 211 427 herbidi
236 366 348 426 terreni
370 374 453 426 extra
473 374 703 443 monumenti⁴¹
716 383 979 447 riporumnsgpge‚n
1006 367 1051 426 in·

90 438 297 525 ripemunt
298 446 445 511 Hannibal
463 442 563 520 „eone
577 467 683 528 usque,
702 449 818 511 dumea
832 434 1001 520 nascentur,
1014 449 1051 511 ad

90 518 252 597 cuffiam
267 548 401 593 sessurus
415 532 526 593 sumi“
554 531 745 601 exclamarem
762 541 792 593 et
808 534 858 612 qui
872 534 982 596 nullam
998 539 1095 594 an-15

90 615 458 696 terpienonemaurtbus
473 615 644 686 admiserat,
670 624 732 678 tum
748 616 866 677 dentum
889 618 937 696 agi
951 636 1052 678 secum

89 709 137 763 est
151 718 255 780 passus
271 699 308 761 de
327 699 532 778 redemptione
547 699 709 763 liberorum
727 702 865 779 capitum.
894 710 1050 781 septunces
1063 705 1096 758 16
1124 721 1127 727 ·

90 786 157 846 auri
169 786 201 844 ln
212 782 343 862 singulos
353 785 482 861 pretium
499 784 644 845 convenit.
670 784 728 845 lide
741 792 860 862 accepta
868 784 1054 846 tradiderunt

89 886 168 930 sese.
195 867 290 927 donec
302 885 390 927 omne
401 885 505 928 aurum
517 867 700 947 persolutum
712 875 764 937 est,
776 868 806 927 in
816 868 940 929 vinculis
950 867 1051 936 habiti,

88 963 157 1014 tum
180 951 296 1011 remissi
319 968 433 1011 summa
455 968 522 1011 cum
544 951 611 1012 tide.
652 952 683 1011 id
706 952 802 1011 verius
832 960 877 1012 est
898 969 986 1031 quarn
1014 951 1051 1012 ab
1065 956 1095 1006 17

90 1036 194 1115 equite
204 1037 235 1094 in
247 1033 383 1095 abeuntis
392 1036 515 1096 inmisso
526 1035 707 1097 interlectos.
731 1035 916 1096 Praenestini
926 1036 1053 1096 maxima

88 1137 164 1200 pars
184 1118 277 1180 luere.
315 1135 351 1178 ex
371 1119 538 1197 quingentis
557 1119 755 1197 septuaginta,
785 1120 836 1197 qui
855 1121 887 1179 in
905 1119 1053 1198 praesidio

90 1204 228 1284 luerunt,
243 1202 342 1262 minus
353 1200 506 1263 dimidium
520 1201 632 1264 ferrum
644 1202 794 1283 famesque
812 1202 989 1284 absumpsit;
1006 1221 1054 1263 ce·
1170 1252 1171 1255 ,

92 1288 153 1349 teri
170 1285 333 1346 incolumes
346 1284 505 1347 Praeneste
527 1303 593 1345 cum
608 1293 746 1364 praetore
767 1305 820 1346 suo
840 1287 879 1349 nt.
895 1289 1055 1349 Anicio-
1170 1314 1171 1339 2

91 1368 191 1432 scriba
206 1370 233 1430 is
244 1375 331 1430 antea
341 1368 438 1430 luerat
451 1402 493 1414 -
507 1367 669 1429 redierunt.
698 1377 792 1432 statua
804 1371 868 1432 eius
877 1371 987 1432 indicio
999 1371 1055 1432 luit
1065 1373 1097 1425 18
1170 1354 1171 1445 l

92 1456 256 1516 Praeneste
276 1452 307 1512 in
329 1451 394 1512 loro
415 1459 538 1522 statuta,
560 1449 695 1523 loricata,
723 1455 828 1514 amicta
856 1462 938 1532 toga,
959 1453 1054 1514 relato
1169 1456 1171 1533 j

92 1539 192 1618 capite
208 1534 254 1617 [et
267 1537 324 1597 tria
341 1534 438 1616 signa]
460 1554 527 1597 cum
542 1534 627 1596 titulo
645 1535 760 1598 lamnae
775 1554 884 1596 aeneae
901 1538 1053 1614 inscripto,

90 1619 140 1685 M.
153 1620 288 1681 Anicium
302 1636 358 1700 pro
370 1619 520 1690 militibus,
537 1621 588 1700 qui
600 1619 719 1682 Casilini
731 1621 761 1680 in
774 1620 924 1699 praesidio
934 1620 1054 1689 fuerint,

92 1714 195 1767 votum
208 1702 337 1766 solvisse.
361 1703 441 1765 idem
454 1702 554 1765 titulus
565 1703 660 1764 tribus
674 1704 766 1782 signis
776 1706 808 1764 in
820 1703 893 1766 aede
907 1703 1056 1765 Fortunae

94 1789 200 1870 positis
211 1787 268 1848 luit
281 1786 441 1849 subiectus.
484 1787 547 1849 XX.
576 1786 734 1851 Casilinum
748 1787 888 1867 oppidum
906 1787 1055 1848 redditum
1068 1792 1082 1842 1

95 1872 254 1952 Campanis
262 1878 315 1941 est,
328 1870 737 1951 firmatumseptingentorunr
745 1872 872 1934 militum
880 1873 915 1932 de
924 1872 1055 1933 exercitu
1168 1914 1171 1941 ,

93 1954 267 2033 Hannibalis
291 1954 455 2034 praesidio,
482 1972 534 2026 ne,
556 1950 608 2016 ubl
627 1956 745 2017 Poenus
767 1956 837 2016 iude
857 1955 1054 2026 abscessisset,

93 2040 221 2101 Romani
243 2047 458 2119 oppugnarent.
495 2039 694 2100 Praenestinis
708 2038 850 2100 militibus
864 2047 983 2102 senatus
996 2039 1084 2100 llo-2
1169 2058 1170 2063 ¹

94 2141 202 2186 manus
217 2121 326 2203 duplex
341 2121 519 2203 stipendium
541 2131 571 2183 et
595 2124 778 2203 quinquenni
792 2121 914 2182 militiae
928 2124 1055 2183 vacatio·

95 2226 166 2269 nem
183 2205 320 2267 decrevit.
349 2208 464 2267 civitate
480 2223 547 2267 cum
563 2206 744 2267 donarentur
760 2202 797 2266 ob
819 2205 973 2274 virtutem,
996 2222 1054 2265 non
1169 2226 1170 2283 j

94 2298 292 2355 mutarerunt.
324 2289 535 2350 Perusinorum
553 2306 637 2349 casus
652 2287 806 2349 obscurior
821 2287 897 2348 fama
913 2294 971 2357 est,
987 2289 1084 2367 quia3
1169 2308 1170 2311 ¹

96 2393 153 2438 nec
167 2376 299 2453 ipsorum
317 2379 508 2434 monumento
526 2369 586 2433 ullo
608 2379 651 2432 est
670 2370 842 2447 inlustratus
863 2388 919 2432 nec
936 2370 1055 2432 decreto

95 2459 307 2522 Romanorum.

162 2541 274 2603 Eodem
295 2549 427 2621 tempore
449 2537 611 2609 Petelinos,
632 2541 683 2618 qui
707 2540 758 2600 uni
773 2558 809 2600 ex
825 2540 948 2601 Bruttiis
972 2545 1084 2599 man-4

97 2633 199 2687 serant
225 2627 257 2685 in
276 2624 404 2686 amicitia
424 2624 570 2693 Romana,
597 2640 657 2683 non
679 2621 934 2700 Carthaginienses
955 2622 1056 2696 modo,
1168 2642 1169 2655 ¹

98 2712 149 2791 qui
160 2709 312 2787 regionem
328 2707 514 2777 obtinebant,
532 2706 585 2768 sed
599 2707 697 2767 Brutti
714 2724 830 2786 quoque
848 2708 939 2767 ceteri
954 2705 992 2767 ob
1009 2724 1056 2767 se·
1168 2710 1169 2713 ’

97 2800 202 2873 parata
219 2791 301 2854 absc
316 2791 438 2854 consilia
457 2788 674 2871 oppugnabant.
704 2789 895 2870 quibuscum
914 2789 1084 2851 obsisteret
1146 2793 1149 2799 ’

98 2876 183 2938 rnalis
204 2877 362 2954 nequirent
380 2872 519 2945 Petelini,
541 2874 653 2953 legatos
677 2875 800 2936 Romam
817 2873 855 2935 ad
878 2874 1056 2953 praesidium

97 2958 259 3041 petendum
280 2961 432 3022 miserunt.
470 2976 596 3037 quorurn
616 2976 721 3037 preces
743 2957 941 3039 lacrimaeque
962 2989 1004 3003 —
1025 2959 1057 3017 in

98 3050 221 3125 questus
245 3043 324 3104 enim
352 3041 480 3112 flebiles,
509 3059 575 3103 cum
596 3041 714 3103 sibimet
733 3044 791 3121 ipsi
811 3041 966 3103 consulere
985 3041 1057 3101 iussi
1167 3082 1168 3085 ,

98 3136 183 3197 sunt,
211 3143 276 3188 sese
297 3128 328 3186 in
345 3125 488 3187 vestibulo
506 3127 604 3188 curiae
619 3124 815 3205 profuderunt
839 3159 880 3171 -
905 3126 1057 3202 ingentem

99 3210 335 3274 misericordiam
351 3209 485 3290 patribus
501 3227 535 3271 ac
551 3208 661 3289 populo
677 3218 842 3270 moverunt.
872 3206 1084 3287 consultiqued

98 3298 210 3357 iterum
225 3313 243 3355 a
256 3293 294 3355 ll.
307 3294 430 3356 Aemilio
447 3301 585 3373 praetore
601 3300 700 3374 patres
721 3293 942 3371 circumspectis
961 3293 1055 3353 omni-

99 3380 156 3442 bus
170 3379 286 3458 imperii
305 3377 416 3439 viribus
435 3376 522 3438 lateri
541 3378 635 3439 coacti
655 3376 728 3438 nibil
742 3379 800 3438 iam
821 3376 990 3456 longinquis
1009 3393 1056 3434 so-

99 3463 154 3525 ciis
169 3463 200 3522 in
216 3481 247 3523 se
262 3459 402 3541 praesidii
414 3479 485 3531 esse,
504 3460 603 3523 redire
617 3461 735 3523 domum
744 3461 859 3540 fideque
874 3459 911 3521 ad
922 3459 1057 3520 ultimum

792 3544 856 3611 22*
