2396 3920
312 273 406 315 amun
419 273 488 316 vm.
512 273 579 315 oar.
595 260 620 311 6.
640 249 680 332 [a.
697 252 808 334 &3401
1000 260 1040 324 53

111 427 177 489 oeric,
192 437 257 482 com
269 426 432 482 commotus
442 422 488 483 ira
500 438 532 481 se
546 420 716 483 aresiibulo
730 419 834 500 tempii
846 421 933 483 citato
948 422 1041 500 gradu
1056 431 1073 481 2

106 505 262 584 proriperet,
283 501 383 582 lapsus
398 522 454 584 per
474 504 584 584 gradus
605 506 700 583 capite
722 506 849 583 graviter
866 504 977 566 oiienso
994 506 1039 567 in·

104 593 186 664 paotm
199 589 259 649 imo
272 587 315 647 ita
330 594 375 649 est
388 604 474 661 saxo,
490 595 524 650 ut
537 589 694 667 sopiretur.
726 589 923 651 exanimatum
939 598 1039 652 aucto·
1054 597 1070 648 3

102 686 140 729 ree
155 673 287 750 quoniam
302 687 364 732 non
384 690 487 734 omnes
501 681 584 743 sunt,
602 672 676 733 milri
687 688 805 753 quoque
818 672 850 733 in
862 673 977 734 incerto
992 692 1039 735 re·

100 750 182 815 lictum
204 756 255 827 sit,
286 756 364 816 siout
387 755 466 818 inter
490 756 645 818 foederum
673 763 828 835 ruptorum
852 757 1039 818 testationem

98 837 194 914 ingenii
206 836 326 918 fragore
342 838 416 900 caeli
428 840 590 920 procellam
607 840 745 909 effusam:
760 857 829 901 nam
844 847 873 900 et
890 857 958 901 vera
974 858 1040 902 esse

99 926 122 979 et
139 927 199 1002 apte
221 922 258 984 ad
285 924 569 1002 repraesentandam
598 926 673 986 uam
699 923 787 986 deum
813 923 882 984 ilcta
906 930 1038 1002 possunt

98 1001 243 1085 Torquatus
258 1009 369 1069 nrissns
382 1008 420 1070 ab
433 1016 538 1071 senatu
555 1009 591 1075 ad
611 1007 802 1071 dimittendos
821 1005 949 1086 legatos,
970 1014 1070 1068 cumi

97 1086 221 1152 iacentem
231 1092 364 1154 Annium
378 1092 512 1164 vidisset,
538 1091 693 1162 exclamat,
716 1094 756 1154 ita
770 1099 804 1154 nt
820 1089 932 1172 populo
946 1092 1038 1169 patri·

98 1167 193 1251 busque
206 1175 301 1237 audita
317 1194 374 1237 ror
387 1178 501 1257 pariter
514 1179 566 1239 sit:
582 1176 684 1249 „bene
698 1176 804 1246 haben
819 1176 860 1237 dii
878 1178 960 1256 pium
975 1194 1039 1237 mo·

99 1255 274 1322 rereirelinm.
297 1267 347 1321 est
358 1259 484 1323 caeleste
494 1279 620 1330 numam
636 1279 668 1322 es
678 1278 784 1340 magne
795 1260 943 1339 iuppiter:
958 1259 1070 1323 haudd

100 1334 190 1402 frustra
207 1349 235 1403 te
257 1351 378 1425 patrem
398 1344 486 1406 deum
508 1345 721 1424 hominumque
744 1344 799 1406 hac
823 1343 893 1404 sede
911 1345 1038 1405 sacravi·

102 1436 163 1480 mus.
181 1426 242 1505 quid
253 1429 387 1499 cessatis,
402 1427 532 1500 Quirites
542 1446 652 1507 vosque
662 1435 762 1506 patres
774 1428 943 1506 conscripti,
957 1445 1039 1489 arma
1052 1430 1084 1491 6,

106 1508 257 1580 ciiiirirleis
272 1512 421 1574 dunilensi
451 1514 494 1573 sic
503 1517 610 1572 stratas
621 1510 756 1587 legiones
766 1511 939 1570 Latinorum
951 1509 1036 1579 dabo,

105 1590 324 1663 quemadmodum
335 1593 464 1675 legatum
475 1596 620 1657 iacentem
634 1592 769 1654 videtis.“
797 1590 924 1652 adsensu
935 1590 1037 1672 popuii
1052 1597 1069 1649 7

102 1682 199 1751 eroepte
212 1696 264 1741 ron
279 1679 415 1742 consulis
431 1686 545 1742 tantum
561 1678 676 1739 ardoris
690 1678 796 1739 animis
806 1674 892 1747 iecit,
910 1683 944 1737 ut
957 1674 1037 1755 lega·

99 1757 137 1813 tos
144 1760 357 1834 proficiscentes
367 1780 439 1825 cura
450 1765 674 1843 magistratuum
688 1764 790 1840 magis,
807 1760 858 1841 qul
872 1760 953 1822 iussu
966 1778 1038 1822 con·

99 1835 432 1928 sniisprosequebamur,
449 1865 537 1928 quarn
550 1849 597 1909 ius
607 1848 739 1925 gentium
754 1844 791 1907 ab
807 1847 851 1906 ira
864 1846 1038 1927 impetuque

98 1917 226 1991 ionum
240 1938 369 2012 tegeret.

106 2088 112 2101 Ι
147 2007 291 2078 Consensit
303 2022 334 2076 et
344 2020 463 2076 senatus
474 2012 598 2085 beilum;
612 2013 807 2095 consulesque
818 2015 932 2077 duobus
944 2014 1037 2091 scrip·
1052 2017 1070 2073 t

97 2092 305 2162 inexercitatus
323 2116 379 2180 per
393 2099 507 2161 Marsos
522 2099 736 2179 Paelignosque
754 2100 880 2175 proiecti
896 2098 1036 2160 adiuncto

95 2169 247 2245 &nudum
267 2185 404 2246 exercitu
418 2183 454 2244 ad
471 2183 616 2262 Capuam,
639 2201 697 2263 quo
714 2185 774 2261 iarn
791 2183 888 2244 Latini
904 2181 1036 2258 sociique

95 2269 295 2341 uocauerant,
312 2274 408 2329 castra
423 2265 530 2329 locant
566 2267 608 2328 ibi
627 2269 657 2327 in
673 2269 772 2346 quiete
789 2267 907 2346 utrique
922 2260 1067 2324 considit

94 2341 179 2407 eadem
195 2350 303 2415 dicitur
317 2352 379 2413 risa
393 2352 508 2432 species
522 2353 578 2412 viri
593 2352 714 2413 maioris
727 2368 815 2431 quam
832 2367 888 2428 pro
904 2349 1035 2410 humano

93 2418 178 2491 halitu
190 2436 442 2516 remedorum,
466 2433 590 2497 dicentis
605 2453 642 2496 ex
658 2452 717 2496 una
733 2437 796 2496 acie
811 2435 1079 2514 imperatoremm

93 2521 122 2567 ex
132 2509 215 2579 nitere
229 2522 394 2582 exercitum
408 2518 472 2580 deis
485 2519 621 2580 manibus
634 2520 780 2597 matrique
795 2518 906 2578 'i'errae
921 2515 1035 2577 deberi.

92 2595 172 2658 utrius
185 2605 333 2666 exercitus
345 2605 508 2685 imperator
528 2603 663 2678 legiones
677 2602 807 2661 hostium
823 2615 971 2677 superque
985 2615 1035 2657 eas

92 2676 297 2759 sederorisset,
321 2688 385 2749 eins
405 2685 508 2768 populi
527 2686 679 2767 partisque
698 2684 850 2745 victoriam
870 2681 945 2744 iore.
978 2680 1033 2742 isos
1044 2686 1076 2739 11

91 2755 134 2821 ubl
146 2776 301 2835 noctmnos
315 2774 396 2835 risus
407 2772 487 2833 inter
502 2788 535 2833 se
552 2767 688 2832 consules
706 2765 909 2837 contulerunt,
924 2766 1036 2847 placuit

92 2855 314 2917 averruncandae
336 2855 424 2917 deum
449 2858 512 2917 irae
539 2856 671 2916 victimas
693 2853 790 2925 caedi,
820 2850 908 2915 simul
932 2858 980 2923 ut,
1009 2850 1034 2912 si

92 2930 155 2990 exile
173 2938 289 3012 eedem)
310 2956 386 3020 quae
406 2941 521 3002 somnio
539 2940 601 3000 risa
620 2938 752 3011 inerant,
773 2937 1032 3019 portenderentur.

92 3004 219 3081 alteruter
237 3021 391 3086 consulum
405 3022 465 3086 iata
488 3024 624 3103 inpleret.
662 3022 716 3084 nbi
734 3039 876 3103 respousa
898 3018 1033 3097 haruspi·
1043 3024 1076 3076 12

94 3104 150 3157 cum
167 3100 303 3169 insidenti
328 3110 388 3170 iam
411 3108 510 3169 animo
525 3109 631 3170 tacitae
655 3106 793 3186 religioni
821 3108 1032 3181 congruerunt,

93 3179 145 3240 lum
160 3184 291 3254 adhibitis
307 3190 411 3271 legatis
425 3190 609 3270 tribunisque
624 3198 655 3252 et
674 3189 807 3268 imperiis
822 3188 910 3248 deum
925 3201 1033 3265 propa·

93 3251 143 3323 ltin
156 3274 305 3350 expositis,
327 3292 366 3337 ne
386 3292 468 3337 mors
487 3273 651 3337 voluntaria
667 3271 795 3335 consulis
818 3270 980 3332 exercitum
1000 3269 1032 3331 in

93 3342 146 3405 iile
163 3355 302 3432 terreret,
325 3365 488 3439 conparant
506 3361 585 3419 inter
605 3375 652 3429 se,
681 3365 715 3418 ut
737 3355 774 3417 alo
794 3362 861 3417 utra
876 3361 960 3436 parte
982 3360 1074 3415 celii

95 3419 155 3489 dero
173 3433 318 3505 Romanus
337 3445 484 3505 exercitus
506 3442 668 3518 coepisset,
690 3439 760 3501 inde
773 3457 806 3501 se
827 3435 930 3500 consul
945 3436 1032 3498 devo·

94 3518 164 3573 urat
177 3536 230 3600 pro
248 3525 357 3605 populo
373 3526 506 3588 Romano
522 3523 751 3604 Quiritibusque.
787 3525 927 3601 epitetum
944 3518 1032 3581 stiam
1042 3524 1075 3575 14

1076 3840 1148 3898 A
