2280 3926
275 241 409 285 amans.
426 239 495 283 oar.
513 228 556 279 m.
571 229 615 282 nr.
629 219 668 301 [a.
684 222 718 284 o.
735 220 797 302 rea]
955 229 1015 289 177
1062 210 1106 329 J

75 395 100 447 et
111 384 139 448 t.
153 388 311 449 Postumius
322 385 464 467 Megellus
478 395 687 468 propraetores
707 389 793 450 ambo
808 391 910 451 stativa
925 391 956 450 iu
972 392 1014 450 eis

74 468 135 531 locis
149 470 253 533 habere
268 473 347 534 iussi.

126 554 230 616 xxvii.
261 555 402 618 Consules
416 555 453 617 ad
468 556 568 616 hostes
589 563 773 634 transgresso
788 559 965 635 Appennino
982 562 1038 620 int

15 662 16 667 ¹
72 655 162 717 agrum
169 640 348 701 Sentinatem
360 647 569 720 pervenerunt.
590 638 632 701 lbi
647 647 786 719 quattuor
797 639 910 701 milium
920 642 1013 710 termo

72 721 208 784 intervallo
224 733 318 785 casum
330 726 434 802 posita.
460 726 538 784 inter
553 723 652 785 hostes
663 719 769 785 deinde
786 723 1042 787 consultationest
1062 722 1072 765 ⁵

71 803 187 878 babitare,
211 814 298 887 atque
316 810 357 869 ita
377 810 528 879 convenit,
551 826 589 869 ne
604 809 671 871 unis
692 810 796 871 castris
817 810 1013 870 miscerentur
1058 840 1065 861 ι

69 906 172 959 omues,
197 910 269 953 neve
292 894 323 952 in
346 894 439 952 aciem
463 892 679 954 descenderent
693 891 793 955 simul:
831 892 1013 955 Samnitibus
1058 940 1063 947 .

13 994 14 1013 ³
69 971 145 1045 Galli,
161 974 291 1037 Etruscis
305 975 411 1037 Umbri
425 976 541 1038 adiecti.
574 976 637 1038 dies
650 977 760 1039 iu'dlcta
775 995 906 1057 pugnae:
932 977 1062 1038 Sam-t*

13 1052 15 1059 ’
70 1056 114 1116 niti
119 1056 261 1140 Gallisque
271 1059 403 1139 delegata
414 1078 527 1141 pugna;
540 1062 618 1122 inter
631 1061 727 1141 ipsum
740 1061 1013 1135 certamenidtrusci
1069 1139 1072 1143 ἵ

70 1136 214 1223 Umbrique
235 1145 308 1205 iussi
328 1153 423 1205 castra
437 1145 569 1206 Romana
583 1162 781 1226 oppugnare·
803 1148 877 1210 baec
892 1144 1041 1208 consiliat

70 1222 209 1288 turbarunt
228 1227 400 1306 transfugae
414 1228 526 1290 Clusini
549 1237 611 1290 tres
632 1229 707 1292 clam
727 1239 813 1292 nocte
837 1231 874 1292 ad
887 1230 1010 1293 Fabium
1070 1224 1081 1321 ’ἲ

68 1309 203 1372 consulem
218 1313 411 1391 transgressi,
434 1314 484 1392 qui
505 1312 593 1373 editis
604 1314 731 1375 hostium
755 1314 883 1376 consiliis
900 1314 1012 1377 dimissi
1078 1374 1084 1381 ,

69 1407 124 1453 cum
137 1393 233 1469 donis,
250 1404 285 1458 ut
294 1395 434 1467 subinde,
451 1404 483 1458 ut
494 1414 627 1476 quaeque
642 1414 691 1457 res
704 1415 779 1459 nova
794 1397 912 1459 decreta
925 1405 1010 1467 esset,

69 1475 232 1554 exploratam
255 1480 434 1559 perterrent.
475 1479 611 1541 consules
631 1478 746 1551 Fulvio,
775 1489 808 1541 ut
829 1499 864 1541 ex
888 1480 1039 1550 Faliscos
1076 1478 1081 1553 f

62 1555 215 1635 Postumio,
238 1573 273 1626 ut
294 1582 330 1624 ex
349 1565 488 1625 Vaticano
510 1558 670 1625 exercitum
702 1564 738 1624 ad
759 1563 888 1626 Clusium
910 1564 1011 1623 admo·
1072 1562 1083 1651 1

68 1654 141 1706 ream
153 1665 325 1726 summaque
343 1650 370 1708 vi
385 1649 459 1710 lines
474 1649 603 1709 hostium
621 1648 852 1727 depopulentur,
867 1646 1010 1709 scribunt.

66 1722 139 1789 burins
151 1731 349 1812 populationis
360 1731 437 1794 tama
446 1733 586 1794 Etruscos
597 1751 633 1793 ex
644 1750 716 1811 agro
731 1732 882 1794 Sentinate
894 1731 930 1794 ad
943 1737 1040 1793 suosd

66 1807 121 1872 linis
132 1816 256 1878 tuendos
271 1819 371 1879 morit.
401 1818 511 1878 instare
530 1817 600 1878 iude
614 1815 767 1889 consules,
792 1824 825 1879 ut
841 1815 1011 1879 absentibus

66 1887 103 1955 bis
122 1909 312 1979 pugnaretur.
352 1918 407 1980 per
427 1900 549 1962 biduum
565 1900 720 1963 lacessiere
741 1901 855 1981 praello
877 1902 1009 1971 bostem;

65 1971 142 2041 biduo
157 1983 229 2045 nihil
246 1984 369 2062 dignum
381 1984 461 2047 dictu
475 1993 587 2046 actum:
603 1987 691 2064 pauci
705 1988 855 2067 utrimque
864 1985 1009 2056 cecidere,
1023 1994 1050 2044 t.

65 2065 200 2146 magisque
213 2068 328 2130 inritati
345 2076 413 2131 sunt
427 2069 463 2129 ad
478 2071 586 2130 iustum
599 2078 749 2151 certamen
763 2072 854 2132 animi
870 2088 958 2151 quam
975 2069 1011 2131 ad
1059 2120 1067 2137 .

65 2142 210 2237 fliscrimau
230 2170 347 2214 summa
367 2170 469 2214 rerum
489 2152 624 2215 adducta.
657 2156 746 2215 tertio
767 2155 815 2214 die
837 2153 1012 2214 descensum

65 2235 582 2375 Q
595 2221 1011 2299 aurtsstss'ffucla'e‘affis'ffl·
1057 2260 1064 2319 ζ

64 2325 110 2373 ren
126 2362 134 2385 ,
148 2336 233 2381 cerva
250 2319 366 2398 lugiens
380 2319 482 2399 lupum
497 2340 513 2382 e
529 2321 679 2382 montibus
698 2329 800 2383 exacta
821 2337 876 2398 per
892 2337 1012 2399 campos
1055 2359 1058 2363 .
1081 2383 1083 2387 ,

64 2392 131 2457 inter
144 2400 216 2466 duas
229 2405 310 2465 acies
333 2404 479 2475 decurrit:
499 2404 569 2467 inde
589 2405 721 2466 diuersae
741 2405 838 2475 lerae,
862 2421 948 2465 cerva
974 2404 1011 2464 ad
1053 2416 1058 2439 ³

64 2475 169 2573 §dorp
191 2485 280 2568 lupus
300 2487 338 2548 ad
359 2489 508 2554 Romanos
534 2505 654 2552 cursum
676 2487 810 2549 deflexit.
854 2486 924 2566 lupo
945 2488 1012 2548 data
1049 2538 1057 2551 .

64 2570 131 2626 luter
144 2571 264 2633 ordines
275 2573 336 2642 via,
359 2589 476 2632 cervam
491 2570 566 2633 Galli
594 2572 751 2632 confixere.
786 2580 849 2632 tum
871 2589 908 2631 ex
928 2578 1011 2631 ante·
1051 2574 1055 2579 ’

63 2644 181 2724 signabis
194 2655 346 2718 Romanus
360 2654 459 2717 miles:
487 2654 579 2727 „illac
594 2655 688 2734 fuga“
710 2656 805 2734 lnquit
825 2661 882 2725 „et
903 2653 1009 2716 caedes

64 2735 152 2805 vortit,
174 2737 226 2800 ubi
245 2757 361 2801 sacram
382 2740 491 2802 Dianae
511 2740 605 2801 ieram
626 2740 772 2799 iacentem
795 2738 914 2801 videtis:
942 2738 1013 2799 binc

65 2812 145 2907 detor
160 2820 283 2885 Martius
297 2822 398 2905 lupus,
418 2825 534 2904 integer
549 2831 580 2884 et
596 2825 736 2894 intactus,
757 2824 853 2902 gentis
867 2841 921 2884 nos
935 2823 1012 2884 blar-

64 2898 98 2958 lla
126 2910 190 2965 etc
253 2909 336 2970 'toris
356 2910 450 2968 nostri
469 2909 652 2971 admonuit.“
685 2908 790 2969 dextro
811 2926 905 2970 cornu
927 2906 969 2968 Ga
992 2926 1012 2980 1,
1060 2950 1063 2961 .
1126 2922 1127 2927 ¹

65 2982 171 3047 sunno
187 2990 334 3051 Samnites
348 2994 552 3054 constiterun.
588 3011 729 3054 aversus
766 2994 891 3054 amnites
906 2990 940 3061 0.
956 2991 1012 3052 Fa·
1058 3055 1063 3061 ,
1125 3058 1126 3071 ἦ

64 3057 122 3127 bins
134 3073 260 3148 primam
275 3093 310 3136 ac
333 3076 450 3137 tertiam
467 3075 614 3155 legionem
634 3094 690 3155 pro
711 3075 813 3136 dextro
829 3090 937 3144 cornu,
961 3073 1012 3134 ad·
1125 3078 1126 3097 ¹

65 3160 156 3213 versus
172 3156 270 3219 Gallos
293 3177 349 3237 pro
370 3160 490 3222 sinistro
506 3161 613 3221 Decius
635 3160 767 3239 quintam
787 3167 817 3218 et
836 3163 949 3218 sextam
967 3159 1012 3218 in·

65 3234 170 3321 §tmxit
206 3241 335 3305 secunda
357 3250 386 3303 et
406 3252 509 3323 quarta
523 3260 591 3304 oum
606 3242 639 3304 L.
656 3241 812 3304 Volumnio
835 3258 948 3319 pronon
1041 3250 1053 3301 t

65 3324 92 3370 111
107 3314 222 3383 Samnio
237 3324 360 3404 gerebat
372 3325 493 3390 bellum.
1122 3366 1124 3397 2

119 3399 216 3467 Primo
231 3427 379 3471 concursu
393 3411 466 3473 adeo
483 3411 584 3492 ae'quis
599 3410 711 3472 viribus
726 3419 872 3490 gestares
887 3417 945 3481 est,
970 3420 1012 3480 ut,
1067 3423 1076 3489 f
1122 3406 1124 3479 1

66 3477 259 3554 dadiuissent
278 3494 395 3557 Etrusci
418 3497 457 3558 eb
469 3496 573 3559 Umbri
613 3503 663 3558 aut
689 3498 720 3557 iu
745 3499 807 3559 acie
833 3498 938 3557 autin
965 3512 1012 3555 ca·
1121 3528 1123 3563 2

102 3593 125 3629 Ψ·
136 3598 197 3638 trvr
210 3607 277 3645 runs
290 3610 324 3646 11.
447 3626 455 3634 »
724 3606 726 3609 “
763 3587 801 3649 12
