2290 3920
126 188 190 253 280
298 158 402 246 'monn
416 205 493 247 xxn.
510 206 578 249 cor.
593 196 636 248 21.
650 196 693 248 22.
710 186 749 267 [a.
764 209 795 248 n.
811 211 837 249 o.
853 185 915 269 537]

128 351 166 413 ad
182 352 360 412 maritimam
377 370 475 423 ormo,
492 355 615 414 concitis
629 354 821 433 popularibus
837 357 869 415 in
886 371 988 432 agrum
1001 365 1084 433 paca·

101 442 191 495 etum
207 437 355 496 sociorum
369 435 570 498 Romanorum
585 436 623 498 ad
639 437 838 518 populandum
854 446 1006 498 venerunt
1038 438 1086 498 ad·

128 535 230 579 versus
252 536 304 579 eos
322 519 459 580 tribunus
477 521 603 582 militum
621 539 688 581 cum
704 522 848 601 expeditis
868 521 982 582 auxiliis
996 540 1012 581 a
1028 522 1084 583 Sci·

127 603 217 682 piune
229 604 312 664 missi
322 603 378 664 levi
390 606 558 675 certamine,
571 612 604 665 ut
614 604 833 667 tumultuariam
843 623 972 675 manum,
985 605 1084 665 indere
1135 600 1136 603 ’

129 688 241 764 omnis,
263 689 368 769 occisis
383 688 557 767 quibusdam
579 690 731 769 captisque
753 707 919 768 magnaque
941 696 1025 765 parto
1044 706 1084 749 ar·

100 772 185 831 timis
210 778 305 832 exuta.
352 772 401 832 hic
427 779 528 833 tamen
546 771 689 833 tumultus
708 773 862 834 cedentem
884 773 921 833 ad
944 771 1085 833 Oceanum

129 854 344 917 Hasdrubalem
371 857 414 916 cis
436 856 580 917 Hiberum
609 857 646 917 ad
674 858 770 917 socios
800 856 1084 917 tutandos'rctraxit

101 945 226 999 dcaatm
251 939 361 1001 Punica
387 940 419 999 in
442 957 514 1018 agro
535 934 817 1018 Hergavonensium,
844 948 941 1001 castra
961 939 1085 1002 Romana

74 1078 77 1079 γ
132 1022 170 1082 ad
189 1023 300 1084 Noram
324 1022 445 1083 classem
468 1031 567 1093 erant,
594 1041 661 1084 cnm
684 1023 761 1084 lama
781 1030 890 1103 repens
912 1022 970 1084 alio
992 1024 1085 1084 avertit

103 1105 251 1168 ibellum.
297 1105 449 1173 Celtiberi,
470 1108 522 1188 qui
546 1108 696 1186 principes
714 1108 844 1185 regionis
860 1109 1087 1168 suae-miserant

132 1189 244 1267 legatos
272 1189 448 1269 obsidesque
477 1190 621 1251 dederant
643 1190 795 1261 Romanis,
826 1193 930 1251 nuntio
958 1192 1047 1252 misso
1072 1207 1086 1248 a

133 1272 272 1352 Scipione
295 1275 391 1334 exciti»
411 1292 492 1336 arma
520 1276 653 1353 capiunt,
679 1276 918 1354 provinciamque
940 1273 1084 1350 Cartbagi-

133 1357 279 1417 niensium
290 1357 525 1421 validoexercitu
533 1357 1085 1437 invadunt;triaoppidaviexpugnant
1136 1417 1137 1420 ,

105 1440 277 1502 Sindonum
292 1443 359 1522 ipso
369 1440 1085 1520 Hasdrubaleduobusproeliisegregiepugnasti
1136 1471 1137 1474 ¹

134 1525 172 1585 ad
194 1526 363 1604 quindecim
389 1526 470 1593 milia
491 1527 620 1601 bostium
636 1524 822 1596 occiderunt,
846 1531 987 1604 quattuor
1016 1522 1087 1585 milia

136 1626 204 1670 cum
221 1609 321 1672 multis
335 1609 513 1671 militaribus
526 1610 617 1687 signis
635 1610 763 1686 capiunt.

109 1699 124 1750 1
199 1694 287 1755 llllll.
317 1694 380 1755 Hoc
395 1701 473 1757 statu
491 1710 593 1754 rerum
611 1694 642 1751 in
658 1692 796 1771 Hispania
809 1691 841 1751 P.
858 1691 958 1770 Scipio
975 1692 1006 1750 in
1026 1701 1087 1770 pro·

135 1777 261 1836 vinciam
283 1779 377 1848 venit,
407 1784 566 1856 prorogato
601 1783 667 1855 post
693 1773 877 1836 consulatum
906 1775 1033 1853 imperio
1054 1771 1086 1834 ab

135 1867 240 1920 senatu
254 1862 375 1930 missus,
389 1879 457 1922 cum
471 1863 592 1938 triginta
611 1859 707 1937 longis
719 1858 843 1919 naribus
854 1864 885 1918 et
900 1856 1087 1919 octomilibus

107 1941 261 2003 tmilitum
283 1961 451 2022 magnoque
472 1951 638 2004 commeatu
654 1942 784 2007 advecto.
814 1960 848 2001 ea
870 1941 976 2002 classis
994 1943 1088 2018 iugens

137 2028 254 2105 agmine
265 2028 467 2088 onerariarum
484 2025 586 2106 procul
597 2029 656 2087 visa
668 2044 736 2086 cum
746 2043 853 2103 magna
868 2024 980 2086 laetitia
993 2025 1087 2085 cidon

7 2120 8 2123 ’
110 2112 474 2190 esociorumqueportum
493 2110 668 2170 Tarraconis
682 2128 718 2169 ex
733 2108 792 2170 alto
806 2111 909 2170 tenuit.
945 2107 989 2169 ibi
1008 2106 1089 2167 milite

138 2196 269 2274 exposito
289 2194 440 2277 proiectus
463 2195 561 2272 Scipio
584 2192 669 2252 iratri
690 2211 721 2252 se
744 2193 910 2271 coniungit;
936 2210 971 2252 ae
995 2188 1088 2252 deinde

109 2280 287 2339 tcommuni
306 2280 406 2339 animo
427 2277 607 2355 consilioque
626 2275 769 2354 gerebant
787 2275 908 2336 bellum.
950 2273 1089 2353 occupatis

136 2363 226 2439 igitur
240 2361 529 2440 Carthaginiensibus
544 2359 719 2422 Celtiberico
736 2357 815 2437 bello
832 2358 911 2420 baud
925 2365 1088 2421 cunctanter

136 2443 280 2506 Hiberum
301 2444 572 2523 transgrediuntur,
595 2461 652 2503 nec
670 2442 731 2504 ullo
754 2445 816 2503 viso
836 2443 922 2503 boste
937 2441 1087 2520 Saguntum

81 2577 83 2582 .
137 2531 335 2608 pergentino,
357 2528 435 2609 quod
455 2529 498 2590 ibi
508 2528 626 2590 obsides
647 2529 736 2588 totius
750 2527 907 2605 Hispaniae
921 2520 1087 2587 traditosab

137 2612 301 2675 Hannibale
324 2613 402 2674 lama
419 2622 484 2675 erat
503 2611 619 2673 modico
633 2612 670 2677 lio
693 2628 762 2671 arce
781 2609 924 2671 custodiri
942 2605 1086 2688 praeside

106 2697 166 2757 bid
189 2716 282 2759 unum
304 2698 411 2777 pignus
432 2696 587 2757 inclinatos
609 2695 645 2757 ad
660 2696 822 2756 Romanam
845 2694 1017 2754 societatem
1037 2706 1086 2753 on·

136 2781 218 2841 nium
241 2781 399 2858 Hispaniae
419 2780 596 2860 populorum
621 2780 733 2840 animos
758 2776 943 2847 morabatur,
972 2795 1012 2838 ne
1033 2790 1086 2836 sau·

107 2865 226 2942 oguine
242 2862 369 2924 liberum
384 2882 505 2924 suorum
520 2862 606 2942 culpa
620 2862 793 2922 defectionis
809 2860 954 2922 lueretur.
989 2880 1023 2922 eo
1037 2859 1085 2919 riu·

138 2946 205 3009 culo
219 2947 388 3025 Hispaniam
409 2948 454 3006 vir
475 2945 701 3007 nnussollertia
722 2947 816 3022 magis
833 2963 922 3024 qnam
937 2944 1017 3005 fideli
1029 2957 1084 3002 cou-

137 3031 205 3094 silio
218 3030 348 3093 exsolvit.
362 3029 488 3092 *Abelux
502 3037 566 3090 erat
576 3030 699 3107 Sagunti
719 3027 827 3089 nobilis
841 3028 1007 3106 Hispanus,
1025 3023 1085 3085 idm

139 3123 207 3178 ante
221 3117 343 3185 Poenis,
358 3113 554 3199 tum„qnalia
570 3112 743 3197 plerumque
759 3119 829 3193 sunt
843 3111 1036 3172 barbarorum
1049 3109 1084 3165 in·

109 3206 127 3255 ’1
139 3201 240 3275 genia,
257 3218 323 3279 cunr
336 3194 454 3260 fortuna
469 3194 634 3259 mutaverat
640 3193 729 3257 noem
734 3190 1084 3268 .''³''oetirnmuammnm

138 3283 202 3341 sine
221 3272 409 3360 ma'sgn'abici‘
418 3278 762 3361 promimueeementem
779 3280 816 3341 ad
831 3279 924 3341 bostis
938 3276 1012 3338 nibil
1021 3267 1084 3334 abad

138 3380 227 3439 quam
241 3383 333 3425 unum
347 3366 507 3444 vilemque
526 3364 636 3424 infame
652 3381 761 3441 corpus
776 3382 842 3423 osso
864 3370 960 3432 ratus,
983 3360 1013 3420 id
1029 3370 1083 3433 age·

138 3443 205 3512 bat,
221 3452 254 3503 ut
269 3465 357 3523 quam
372 3467 542 3510 maxumum
558 3446 789 3508 emolumentum
808 3448 892 3517 novis
912 3447 1000 3506 sociis
1013 3442 1083 3502 esset
