2290 3920
258 228 355 282 'niens
368 240 433 283 xxi.
456 239 524 283 cae.
544 226 642 282 1213.
662 219 701 302 [a.
719 224 753 285 Ο.
769 221 830 304 218]
961 229 1025 291 -215
1135 290 1136 295 ,

78 383 164 446 halem
176 394 268 448 noctu
277 389 437 458 transisset,
455 397 610 467 postquam
624 387 697 449 nihil
708 387 847 451 lacrimae
858 390 1023 461 movebant,
1135 470 1136 473 Ἴ

65 469 314 551 ,condicionesque
327 473 424 532 tristes
435 479 467 532 ut
479 471 515 533 ab
526 474 601 533 irato
613 474 723 533 victore
737 472 916 549 ferebantur,
929 483 1024 549 qens·
1115 488 1119 502 ⁸

76 552 136 631 luga
153 573 201 631 „epra
215 562 333 615 oratore
356 555 451 615 lactus
472 556 549 634 apud
571 557 685 616 hostem
705 558 824 627 mansit,
849 561 1024 630 moriturum
1135 564 1136 567 ’

75 636 240 708 adfirmans,
258 641 308 718 qui
322 639 376 699 suh
393 639 616 700 condicionibus
635 642 672 699 iis
686 639 723 700 do
745 659 818 721 pace
834 650 943 720 ageret.
970 651 1050 721 pot

9 788 10 791 Ἴ
74 720 229 783 stulahatur
250 730 361 793 autem,
387 723 547 783 redderent
567 740 616 784 res
636 723 827 796 Turdetanis,
857 725 1023 806 traditoque

9 816 10 821 ’
75 806 148 865 omni
162 824 236 867 auro
253 817 339 886 atque
355 814 477 885 argento
493 810 604 885 egressi
629 806 785 869 urbe'cum
798 809 923 888 siugulis
937 812 1023 873 vesti·

9 958 10 963 γ
73 891 171 950 mentis
181 890 223 950 ihi
238 890 414 960 habitarent,
431 890 482 951 ubi
493 890 608 965 Boenos
618 893 759 959 iussisset.
785 894 838 953 has
849 895 930 973 pacis
944 892 1053 971 legesd

45 968 47 971 ’
74 969 213 1035 abnuente
238 973 350 1037 Alcone
371 983 544 1053 accepturos
564 977 757 1054 Saguntinos,
784 976 921 1048 Alorcus,
946 979 1023 1037 vinci
1135 998 1136 1001 ¹

9 1130 10 1133 Ἴ
74 1056 194 1127 animos,
210 1057 264 1118 uhi
275 1056 332 1119 alia
342 1060 510 1128 vincantur,
527 1060 704 1131 adfirmans,
717 1078 749 1121 se
764 1062 845 1139 pacis
856 1062 919 1123 eius
930 1062 1022 1121 inter·
1065 1092 1067 1101 =
1135 1126 1136 1129 ,

74 1147 179 1220 pretam
193 1141 259 1203 lore
276 1141 441 1221 pollicetur.
474 1149 539 1203 erat
552 1150 648 1204 autem
665 1152 727 1205 tum
745 1144 830 1205 miles
840 1144 1021 1215 Hauuihads

9 1228 11 1279 ἰ
75 1229 196 1287 ceterum
214 1225 334 1305 publice
352 1226 521 1305 Saguntinis
535 1228 647 1289 amicus
661 1235 748 1306 atque
762 1229 878 1309 hospes.
913 1229 1048 1290 traditot

9 1302 11 1311 ’
74 1304 162 1382 palam
183 1307 244 1370 telo
266 1310 437 1370 custodibus
464 1310 592 1371 hostium
613 1318 815 1388 transgressus
839 1315 1023 1375 munimenta

10 1406 11 1437 1
75 1389 105 1448 ad
124 1400 293 1470 praetorem
311 1394 504 1472 Saguntinum
522 1401 609 1453 -et
628 1395 692 1472 ipse
714 1397 753 1454 ita
775 1394 897 1456 iubebat
915 1430 958 1442 ·-
978 1405 1023 1457 est

75 1470 216 1540 deductus.
261 1497 321 1557 quo
341 1496 409 1538 cum
430 1476 577 1555 extemplo
602 1494 764 1557 concursus
786 1480 882 1538 omnis
904 1483 1050 1555 generis8

74 1555 309 1623 hominnmesset
322 1562 425 1631 factus,
442 1559 577 1633 submota
593 1567 692 1623 cetera
707 1558 893 1637 multitudine
904 1570 1022 1623 senatus

10 1672 11 1675 κ
74 1637 169 1703 ttorco
181 1646 267 1708 datus
284 1653 341 1716 est,
358 1647 440 1705 cuius
456 1643 521 1705 talis
535 1645 630 1706 oratio
645 1644 708 1705 luit.
1135 1644 1136 1647 ’

129 1726 201 1790 XllL
228 1731 292 1802 „Si
306 1730 377 1795 civis
392 1736 488 1789 vester
501 1726 585 1799 Alco,
603 1729 730 1809 sicutad
744 1746 847 1808 pacem
862 1728 1020 1807 petendam
1033 1733 1046 1785 1

76 1804 106 1866 ad
118 1809 312 1875 Hannibalem
329 1814 421 1882 venii,
443 1813 482 1875 ita
498 1814 578 1893 pacis
601 1813 789 1874 condiciones
807 1811 844 1872 ab
858 1810 1021 1873 Hannibale

10 1962 11 1965 Ἴ
76 1888 107 1948 td
117 1910 164 1973 vos
176 1897 335 1966 retulisset,
351 1914 599 1974 supervacaneum
614 1897 671 1957 hoc
681 1897 755 1958 mihi
769 1896 871 1957 luisset
884 1899 950 1968 iter,
964 1915 1035 1977 quo-

75 1988 123 2034 uec
136 1987 234 2043 orator
245 1980 417 2042 Hannibalis
429 1997 484 2041 uec
498 1980 649 2058 transfuga
660 1982 697 2041 ad
711 1999 762 2041 ros
775 1983 936 2043 venissemt
952 1999 1019 2042 cum
1032 1988 1048 2037 ²

75 2053 118 2116 ille
133 2071 181 2124 aut
196 2073 293 2126 vestra
309 2073 358 2125 aut
368 2081 420 2124 sua
434 2064 519 2142 cirlpa
529 2067 670 2126 manserit
681 2064 758 2145 apud
774 2064 945 2146 hostem&
959 2084 1020 2135 sua,

9 2138 13 2167 ⁷
75 2139 210 2208 sinotum
222 2148 384 2216 simulavit,
401 2156 511 2216 vestra,
527 2149 553 2207 si
568 2147 733 2225 pericnlum
743 2155 787 2208 est
798 2148 875 2226 apud
889 2165 940 2208 vos
953 2166 1021 2207 vera

10 2274 11 2277 ,
76 2223 264 2294 reserantibus
279 2267 322 2280 -
336 2249 405 2309 ego,
424 2249 462 2291 ue
477 2231 653 2309 ignoraretis
670 2250 734 2292 esse
749 2231 861 2309 aliquas
878 2237 907 2289 et
921 2229 1021 2290 salutis

77 2312 101 2363 et
114 2315 190 2386 pacis
204 2316 287 2378 vohis
299 2315 494 2384 condiciones,
507 2333 562 2392 pro
577 2323 690 2375 vestuto
702 2314 839 2391 hospitio,
855 2312 934 2392 quod
949 2313 1022 2374 mihi

78 2389 215 2460 vobiscum
232 2408 293 2468 est,
315 2400 351 2462 ad
375 2416 425 2460 vos
447 2399 522 2458 reni.
560 2405 654 2459 vestra
678 2406 776 2458 autem
798 2414 886 2459 causa
901 2415 949 2458 me
964 2403 1049 2457 nect

78 2470 154 2543 ullius
175 2482 296 2545 alterius
315 2482 411 2563 loqui,
434 2499 508 2561 quae
528 2480 633 2560 loquor
654 2480 731 2560 apud
751 2498 817 2550 vos,
839 2479 884 2541 vel
901 2499 934 2541 ea
950 2481 1022 2541 fides

77 2554 122 2626 iil,
142 2566 218 2641 quod
242 2585 353 2647 neque,
380 2566 449 2626 dum
473 2566 577 2625 vestris
599 2564 708 2624 virihus
730 2565 893 2635 restitistis,
916 2582 1021 2643 neque,

79 2635 139 2702 dum
153 2651 258 2713 auxilia
274 2671 291 2712 a
304 2651 445 2712 Romanis
462 2650 616 2729 sperastis,
632 2649 713 2728 pacis
726 2664 865 2726 umquam
878 2647 955 2727 apud
971 2665 1023 2708 vos

78 2730 246 2796 mentionem
261 2735 327 2796 leci.
358 2741 513 2815 postquam
528 2751 584 2793 nec
598 2732 635 2793 ah
653 2731 792 2793 Romanis
808 2731 887 2792 vobis
902 2729 961 2799 nlla
979 2739 1050 2793 esta

79 2819 150 2880 llis,
166 2831 220 2880 nec
231 2827 328 2882 vestra
342 2837 393 2880 vos
406 2819 465 2879 iam
479 2824 528 2878 aut
543 2835 624 2893 arma
638 2823 688 2879 aut
701 2817 819 2877 moenia
834 2818 904 2891 satis
918 2815 1021 2878 delen·

80 2882 156 2964 dunt,
186 2919 288 2979 paoem
314 2904 416 2965 adiero
442 2903 478 2963 ad
505 2920 555 2963 vos
580 2903 674 2981 magis
706 2902 903 2981 necessariam
934 2919 1023 2979 quam

81 2983 200 3051 aequam,
227 2989 308 3049 cuius
328 2990 368 3048 ita
380 2986 475 3066 aliqua
496 3004 564 3066 spes
579 2994 637 3055 est,
658 2987 683 3045 si
699 2993 779 3055 eam,
797 3003 882 3064 quem
907 2984 945 3044 ad
961 2990 1052 3044 mo-5

82 3049 142 3118 dum
154 3073 185 3125 ut
201 3071 293 3131 victor
313 3071 371 3131 lert
391 3069 550 3140 llauuihal,
571 3071 613 3131 sic
633 3088 686 3130 ros
708 3079 742 3129 nt
760 3070 828 3128 victi
848 3066 972 3129 audietis
994 3074 1024 3126 et

82 3149 133 3198 ⁰⁰¹¹
144 3145 186 3218 ld,
199 3155 275 3230 quod
288 3156 443 3223 amittitur,
458 3154 489 3213 in
501 3153 623 3223 damno,
636 3171 702 3213 cum
714 3153 813 3211 omnia
823 3150 943 3210 victoris
955 3151 1022 3220 sini,
1135 3152 1136 3229 l

82 3220 127 3279 sed
137 3232 270 3314 quidquid
287 3237 463 3317 relinquitur
473 3253 528 3316 pro
540 3253 663 3296 munere
676 3235 806 3297 habituri
817 3234 895 3294 estis.
917 3233 1053 3294 urhemd
1135 3234 1136 3305 l

83 3301 166 3379 mltis,
181 3335 266 3394 quam
283 3341 319 3382 ex
334 3338 438 3398 magua
453 3327 537 3398 parte
561 3319 701 3389 dirutam,
718 3325 833 3395 captam
854 3318 916 3378 lere
932 3323 1024 3392 totam
1135 3310 1136 3389 l

84 3377 174 3464 hahet,
190 3401 296 3475 adimit,
312 3423 398 3484 agros
409 3404 561 3482 relinquit,
577 3402 676 3465 locum
689 3402 907 3480 adsignaturus,
924 3402 1023 3480 inquo

85 3478 180 3539 ¹¹⁰V¹¹ffl
203 3489 341 3568 oppidum
368 3488 533 3549 aedificetis.
572 3506 675 3550 aurum
696 3495 725 3548 et
751 3492 905 3564 argentum
924 3503 1022 3551 omne,
1056 3420 1136 3880 j
