2290 3920
139 199 204 261 250
346 213 440 256 menn
451 214 515 256 xxi.
532 213 600 256 ose.
615 201 659 255 bi.
675 202 721 257 55.
737 192 777 276 [a.
791 217 822 256 u.
837 216 862 256 e.
875 191 933 274 sto]

140 364 246 424 turmis
264 360 480 441 manipulisque
503 363 593 424 vestri
613 361 726 425 similes
746 361 853 440 eligite.
894 362 972 438 Mago
991 359 1069 421 locun

141 443 329 529 monstrabit,
352 462 441 526 quem
455 446 622 520 insidentis:
644 445 760 507 bostem
776 464 893 509 caecum
909 445 943 505 ad
957 444 1005 503 has
1015 441 1071 502 belli

112 536 223 590 tartes
237 528 382 591 habetis.“
411 532 452 593 ita
465 529 546 591 mille
562 529 710 609 equitibus
723 530 935 608 eum'liagone,
947 525 1019 588 mille
1031 543 1070 605 pe·
1096 544 1099 553 ·

140 612 249 674 ditibus
261 613 539 693 dimissisllannibal
549 616 645 694 prima
655 612 869 677 lucellumidas
881 613 986 692 equites
996 610 1070 671 liant·

140 712 258 775 grossos
273 695 412 761 Trebiam
431 698 541 760 llnmen
563 694 735 777 obequitare
756 694 837 759 iubet
859 693 1069 773 hostinmporlit
1096 742 1097 745 κ

137 777 352 861 iaculandoque
370 785 401 843 in
420 783 561 844 stationes
576 780 686 845 elicere
701 781 738 843 ad
758 798 888 861 pugnam
904 779 1021 847 hostem,
1038 777 1072 837 iu·

137 867 216 927 ieeto
232 865 340 927 deinde
349 867 512 929 certamine
529 865 661 930 cedendo
682 866 792 927 sensim
811 866 884 925 citra
902 863 1005 924 ilumen
1020 876 1071 938 per·

109 950 269 1011 ttrahere.
299 948 374 1009 baec
388 949 525 1011 mandata
539 947 687 1011 Numidis:
708 949 813 1010 ceteris
828 947 950 1010 ducibus
965 943 1072 1026 peditum

140 1035 328 1112 equitumque
343 1040 546 1111 praeceptum,
562 1038 595 1093 ut
608 1033 757 1111 prandere
768 1049 873 1095 omnes
885 1030 1026 1098 iuberent,
1038 1042 1072 1087 ar·
1096 1040 1097 1049 ¹

142 1125 238 1181 matos
252 1115 359 1176 deinde
374 1117 564 1196 instratisque
579 1118 662 1195 equis
674 1118 792 1195 signum
806 1123 970 1194 expectare.
1096 1190 1099 1199 Ι

110 1204 128 1256 n
201 1199 394 1277 Sempronius
408 1198 445 1258 ad
462 1199 620 1261 tumultum
632 1199 825 1263 Numidarum
839 1200 968 1278 primum
979 1210 1073 1256 omnen
1096 1268 1098 1271 ι

141 1282 311 1359 equitatum,
327 1281 411 1343 ferox
422 1299 457 1342 ea
466 1291 551 1362 parte
561 1284 676 1354 virium,
689 1283 795 1345 deinde
805 1301 858 1343 sex
869 1281 948 1347 milla
958 1278 1072 1359 peditem

140 1373 291 1444 postremo
313 1383 417 1428 omnes
439 1368 543 1447 copias·
557 1365 595 1429 sd
615 1367 792 1428 destinatum
811 1367 872 1427 iam
892 1373 959 1428 ante
975 1359 1073 1424 consilio

111 1448 241 1510 tavidus
262 1451 433 1513 certaminis
454 1452 562 1512 eduxit.
610 1457 674 1511 erat
693 1450 770 1513 forte
791 1449 916 1515 brumae
935 1457 1039 1525 tempus
1054 1449 1074 1502 el

139 1533 243 1594 nivalis
258 1532 365 1599 diesin
380 1533 453 1595 locis
469 1532 592 1612 Alpibus
605 1533 820 1613 Apenninoque
832 1533 1004 1602 interiectis,
1022 1544 1073 1608 pst·

109 1618 303 1696 epinquttate
321 1619 410 1679 etiam
430 1619 585 1679 fluminum
608 1633 643 1678 ac
663 1615 814 1695 paludium
833 1614 1015 1696 praegelidis.
1048 1607 1073 1670 ad

140 1701 198 1762 hoe
211 1703 319 1780 raptim
334 1700 448 1763 eductis
462 1700 631 1763 hominibus
645 1708 732 1780 atque
747 1702 844 1780 equis,
861 1716 925 1771 nou
937 1705 1016 1779 capto
1025 1699 1074 1758 suit

141 1783 223 1853 cibo,
243 1801 305 1845 non
328 1802 385 1863 ope
407 1784 466 1845 ulla
487 1785 522 1849 ad
543 1785 704 1846 arcendum
732 1783 826 1861 lrigns
854 1783 996 1851 adbibita,
1020 1773 1074 1838 nibil

140 1864 246 1925 caloris
256 1867 368 1937 inerat,
380 1876 410 1928 et
421 1868 562 1947 quidquid
574 1886 663 1931 aurae
674 1867 803 1929 fluminis
814 1858 1073 1947 adpropinquabant

109 1946 268 2008 sadllabat
288 1951 385 2009 aerior
404 1950 523 2028 frigoris
544 1950 596 2011 vis.
628 1958 661 2011 ut
683 1969 751 2013 roro
766 1950 948 2029 refugientes
960 1945 1075 2013 Nomius

139 2032 328 2111 insequentes
339 2050 443 2112 aquam
454 2034 654 2111 ingressisunt
662 2067 698 2079 -
708 2041 739 2095 et
748 2041 813 2096 erat
827 2033 996 2113 pectoribus
1009 2038 1074 2089 tenus

140 2122 224 2176 aucta
235 2122 381 2177 nocturno
392 2115 599 2178 imbri—tum
610 2118 711 2194 utique
720 2118 846 2196 egressis
857 2110 1075 2196 rigereomuibut
1096 2112 1097 2123 ’

141 2216 281 2277 corpora,
297 2207 331 2260 ut
342 2201 390 2261 vix
399 2217 550 2261 armorum
560 2200 756 2262 tenendorum
767 2202 901 2281 potentia
913 2206 1000 2269 esset,
1011 2202 1037 2256 et
1046 2193 1074 2253 si·

141 2281 202 2343 mul
216 2280 386 2345 lassitudine
398 2291 427 2344 et
442 2282 623 2362 procedente
635 2285 694 2345 iam
710 2283 758 2344 die
771 2284 850 2346 ierne
862 2286 951 2346 etiarn
963 2281 1074 2371 deiicere

115 2373 128 2421 1
141 2365 197 2426 LV.
231 2366 404 2429 Hannibalis
418 2369 538 2429 interim
551 2367 635 2430 miles
656 2366 773 2446 ignibus
788 2375 856 2429 ante
873 2368 999 2429 tentoria
1011 2363 1074 2423 tacu
1096 2416 1098 2425 .

141 2447 265 2527 oleoque
278 2466 333 2529 per
347 2449 525 2530 manipulos,
549 2458 583 2511 nt
596 2450 746 2512 mollirent
760 2458 856 2520 artus,
878 2453 970 2512 muso
984 2456 1012 2509 et
1025 2441 1074 2504 cibo

121 2550 194 2611 ‘per
208 2533 299 2594 otium
320 2542 420 2613 capto,
442 2534 494 2596 ubi
514 2541 715 2612 transgressos
736 2533 847 2595 llumeu
867 2534 961 2596 hostis
982 2528 1074 2592 nubtis·
1096 2548 1100 2559 ·

142 2622 204 2677 turn
227 2625 287 2687 est,
312 2617 410 2679 alacer
431 2619 537 2679 animis
557 2617 788 2697 corporibusque
810 2635 893 2679 arms
917 2617 994 2697 capit
1008 2619 1073 2689 atque

142 2700 273 2760 inaciem
284 2702 428 2779 procedit.
454 2702 584 2764 Baliares
592 2702 833 2779 locatantesigna
843 2700 1082 2785 levemquearmtj
1128 2730 1129 2751 ι

139 2789 251 2851 turam,
272 2791 338 2845 octo
352 2784 447 2846 imme
460 2784 541 2845 milia
556 2784 723 2854 homiuum,
747 2783 815 2844 dein
829 2786 994 2862 graviorem
1004 2786 1073 2838 armti
1128 2790 1129 2797 ¹

139 2863 285 2943 peditem,
309 2867 389 2944 quod
407 2868 527 2937 virium,
552 2867 632 2945 quod
657 2866 775 2933 roboris
795 2874 873 2936 erat;
899 2869 932 2927 in
959 2859 1074 2926 cornil&
1128 2878 1129 2897 ³

139 2947 326 3009 circumfudit
337 2950 440 3010 decem
451 2950 531 3011 milia
542 2953 688 3029 equitum,
700 2959 730 3011 et
740 2949 777 3012 ab
789 2949 929 3013 cornibus
941 2952 972 3011 iu
985 2954 1072 3008 unam·

138 3049 196 3111 que
215 3040 331 3111 partem
346 3032 452 3095 divisos
469 3033 641 3113 elephantos
660 3036 769 3097 statuit.
814 3031 917 3096 consul
938 3032 1073 3120 edomet

139 3117 255 3193 quentis
271 3117 397 3195 equites,
419 3135 485 3179 crnn
508 3116 544 3180 ab
566 3118 771 3181 resistentibus
790 3116 886 3179 subito
903 3112 1029 3177 Numidis
1039 3121 1072 3165 ιι]-

139 3200 216 3258 cauti
233 3200 454 3278 exciperentur,
476 3202 561 3279 signo
575 3203 709 3281 receptui
725 3201 792 3263 dato
806 3207 958 3263 revocatos
969 3198 1072 3257 cusum·

140 3279 220 3338 dedit
234 3283 390 3357 peditibus.
421 3284 619 3363 duodeviginti
634 3284 713 3346 milia
724 3285 854 3349 Romana
869 3291 967 3353 erant,
982 3276 1072 3339 sotium

140 3361 267 3420 nominis
286 3363 382 3427 Latini
404 3368 519 3446 viginti,
545 3368 651 3429 auxilia
669 3373 824 3446 praeterea
844 3364 1071 3430 cenomanorum

140 3457 175 3500 ea
193 3438 256 3501 sola
274 3443 303 3501 in
324 3448 381 3508 lide
396 3459 545 3512 manserat
561 3450 668 3512 saluca
690 3467 772 3529 gens.
801 3453 837 3511 iis
858 3451 948 3529 copiis
967 3450 1071 3506 concur·
