2290 3920
184 198 247 261 206
469 211 563 253 urens
575 213 640 254 nr.
656 211 724 255 cur.
742 200 765 253 i.
780 200 806 252 2.
827 197 853 252 3.

182 360 309 439 ingentis
323 360 444 440 spiritus
457 361 552 421 vuum
568 360 664 422 Sicilia
679 359 873 439 Sardiniaque
893 357 1020 419 amissae:
1048 374 1099 418 nan
1126 358 1128 419 l

183 451 213 506 et
229 441 359 505 Siciliam
373 444 461 506 nimis
478 442 568 505 celeri
583 444 787 523 desperatione
802 459 902 504 rerum
919 459 1070 503 concessam
1081 447 1101 501 et

183 525 349 590 Sardiniam
368 529 446 589 inter
465 535 578 589 motum
596 527 712 589 Africae
734 526 838 588 fraude
857 525 1043 587 Romanorum
1063 526 1099 585 sti·

155 609 290 691 lpendio
311 613 399 674 etiam
419 613 541 690 insuper
559 612 686 690 inposito
705 613 909 691 interceptam.
950 609 984 672 H.
1008 609 1100 670 Hisan

181 696 246 757 xius
263 696 341 758 curis
357 696 397 756 ita
411 712 443 757 se
457 694 556 756 birico
571 693 662 766 bebo,
685 694 764 775 quod
778 695 834 756 luit
846 693 900 758 sub
913 700 1050 755 recentem
1060 690 1100 752 lio·

181 796 299 841 manain
310 797 428 861 pacem,
439 796 494 860 per
507 779 637 858 quinque
642 796 749 850 annos,
760 781 803 842 lta
815 778 921 840 deinde
934 794 1031 839 novem
1041 775 1101 837 annis

152 864 211 924 cin
228 863 366 943 Hispania
385 862 519 941 augendo
532 862 643 924 Punico
663 864 788 943 imperio
809 863 907 942 gessit,
928 868 961 924 nt
978 864 1101 940 appareret

181 949 276 1009 maius
288 965 363 1017 eum,
375 963 462 1026 quam
469 945 548 1026 quod
560 954 685 1024 gereret,
698 949 810 1026 agitare
818 947 850 1007 in
858 947 956 1008 animo
965 943 1100 1014 bellumel

116 1026 123 1037 '
181 1033 206 1091 si
223 1031 330 1092 diutius
344 1031 470 1100 vixisset,
485 1028 651 1092 Hamilcare
666 1030 740 1092 duce
751 1030 868 1092 Poenos
883 1046 963 1092 arma
975 1026 1061 1090 ltaliae
1071 1024 1101 1084 in·

180 1113 291 1175 laturos
306 1114 409 1182 luisse,
429 1114 480 1193 qui
493 1112 664 1174 Hannibalis
679 1114 769 1176 ductu
783 1113 955 1176 intulerunt.

122 1194 168 1255 ²3
216 1195 805 1281 mors.Hamilcarieperopportuoaet
845 1199 950 1260 ueritis
965 1191 1101 1259 Hannibalis

148 1350 151 1357 ⁴
180 1278 357 1343 distulerunt
376 1278 496 1343 bellum.
535 1273 650 1342 medius
671 1272 820 1344 Hasdruls
837 1265 1105 1361 v.'.irrle'r‘fp'iti‘em'iff

139 1370 151 1453 ’ξ
178 1361 270 1426 illium
290 1372 356 1427 octo
379 1364 474 1427 ferme
489 1382 582 1427 annos
596 1365 753 1444 imperium
772 1365 915 1437 obtinuit,
937 1365 1006 1426 licre
1020 1361 1100 1426 acuis,

145 1451 223 1529 piuu'
242 1449 357 1520 ferunt,
383 1450 481 1529 primo
498 1447 655 1510 Hamilcari
675 1448 863 1525 conciliatus,
890 1467 981 1528 gener
1002 1445 1060 1508 inde
1077 1440 1100 1502 cl

142 1518 266 1619 {aliam
290 1533 420 1597 indolem
445 1532 578 1613 proiecto
603 1533 692 1594 animi
712 1533 855 1605 adscitus,
883 1540 926 1606 et,
953 1534 1022 1614 quia
1038 1541 1101 1609 gener

139 1620 150 1689 gi
179 1625 257 1689 erat,
272 1618 408 1680 factionis
420 1617 563 1679 Barcinae
575 1616 693 1697 opibus,
711 1634 786 1697 quae
798 1617 876 1697 apud
887 1613 1100 1694 milltespleben·

136 1684 148 1811 f
178 1719 235 1782 que
255 1701 321 1782 plus
334 1718 422 1781 quam
439 1700 572 1762 modicae
584 1708 683 1772 erant,
703 1700 783 1762 baud
802 1719 875 1764 sane
890 1701 1032 1764 voluntate
1045 1694 1101 1777 priu-

136 1792 166 1845 εὖ
177 1787 275 1863 cipum
286 1784 318 1845 in
328 1785 453 1864 imperio
467 1785 589 1863 positus.
618 1784 644 1844 is
658 1784 743 1863 plura
755 1784 878 1847 consilio
890 1786 1014 1867 quamsi
1025 1792 1101 1861 gerens

136 1880 140 1889 ’
178 1867 312 1948 hospitiis
332 1869 426 1945 magis
446 1866 617 1946 eoquorum
637 1867 889 1949 conciliandisque
912 1887 966 1950 per
979 1863 1101 1931 amisium

177 1950 343 2031 principum
358 1951 441 2011 novis
457 1950 594 2029 gentibus
610 1968 697 2031 quam
717 1950 796 2013 hebo
817 1961 867 2014 aut
881 1955 974 2015 armis
987 1969 1044 2013 rem
1056 1947 1101 2008 Cu·

149 2033 491 2112 cthagmiensemauxit.
520 2040 652 2095 ceterum
663 2035 755 2096 nilrilo
767 2037 794 2096 ei
810 2038 971 2115 paxtutior
982 2029 1101 2097 luicis·

177 2116 268 2180 barus
283 2135 350 2179 eum
364 2117 483 2197 quidam
498 2116 595 2197 palam
611 2118 649 2179 ob
663 2120 738 2181 iram
753 2120 905 2182 interiecti
920 2121 957 2183 ab
976 2137 1009 2181 ec
1023 2112 1101 2178 domiu·

138 2268 139 2271 ,
178 2202 347 2271 obtruncat;
374 2218 615 2282 conprensusque
634 2200 670 2264 ab
691 2204 951 2267 circumstantibus
974 2193 1101 2267 baudelio,

125 2322 128 2326 ι
177 2304 264 2367 quam
276 2287 302 2346 si
312 2286 457 2357 evasisset,
471 2284 558 2358 vultu,
571 2288 726 2349 tormentis
738 2305 854 2368 quoque
866 2306 936 2351 cum
947 2287 1101 2372 laceraretur,

177 2387 213 2431 eo
229 2370 284 2431 luit
297 2370 398 2433 babitu
415 2371 488 2441 oris,
512 2377 544 2432 ut
563 2375 721 2451 superante
741 2370 850 2433 laetitia
872 2371 992 2434 dolores
1012 2365 1101 2455 ridendi

126 2450 165 2571 qu
178 2454 265 2515 etiam
290 2455 419 2534 speciem
446 2451 625 2533 praebuerit.
669 2455 741 2517 Cum
769 2454 827 2517 boc
845 2452 1039 2531 Hasdrubale,
1057 2457 1101 2526 quu

176 2537 269 2598 mirae
281 2539 352 2599 artis
361 2540 393 2599 iu
404 2536 592 2602 sollicitandis
603 2538 739 2617 gentibus
749 2540 935 2619 imperioque
948 2557 1000 2601 suc
1010 2538 1100 2622 iuncti·
1132 2554 1134 2589 ι

135 2623 138 2643 ³
177 2619 222 2681 dis
236 2621 346 2693 iuerat,
362 2622 466 2693 foedus
480 2630 673 2684 renovaverat
691 2621 818 2703 populus
832 2623 999 2693 Romanus,
1017 2624 1046 2680 ut
1056 2613 1101 2674 filli

176 2706 456 2785 utriusqueimperii
470 2714 548 2768 esset
563 2706 658 2768 amnis
672 2706 813 2779 Hiberus,
830 2708 1049 2787 Saguntinisque
1059 2709 1100 2758 mi·

178 2784 233 2848 diis
248 2789 326 2850 inter
341 2790 466 2867 imperia
481 2789 606 2851 duorum
621 2788 798 2870 populorum
817 2790 939 2853 libertas
959 2787 1098 2852 servaretur¹

234 2869 282 2931 ιι.
313 2870 347 2932 m
361 2871 551 2934 nascamus
565 2873 662 2935 iocum
677 2874 755 2936 naua
770 2875 858 2937 auu
872 2894 921 2937 res
934 2875 997 2944 rura,
1014 2853 1100 2956 qu?

174 2956 376 3033 praerogativa
397 2954 544 3028 militaris,
566 2975 623 3036 qua
643 2958 789 3039 extemplo
810 2961 922 3020 iuvenis
937 2947 1098 3020 Hanobalu

174 3039 355 3118 praetorium
372 3038 485 3101 delatus
496 3040 716 3121 imperatorque
730 3044 842 3122 ingenti
858 3043 988 3105 omnium
1002 3038 1099 3099 claruiire

175 3130 262 3202 atque
283 3121 408 3189 adsensu
433 3123 595 3203 appellatus
615 3134 691 3193 erat,
718 3125 800 3188 favor
824 3126 918 3208 plebis
944 3118 1098 3203 sequebatur·
1133 3126 1134 3133 ’

150 3205 257 3267 chuno
281 3205 399 3269 vixdum
421 3207 564 3286 puberem
584 3208 750 3272 Hasdrubal
776 3211 882 3273 litteris
908 3209 944 3271 ad
973 3224 1004 3269 se
1027 3209 1099 3289 ared·

176 3289 279 3361 sierat,
300 3298 422 3372 actaque
442 3310 491 3353 res
505 3296 594 3356 etiam
614 3294 646 3355 iu
669 3302 773 3356 senatu
793 3295 896 3358 luerat.
931 3286 1053 3355 barcinis
1069 3291 1099 3336 m

175 3371 317 3445 tentibus,
333 3383 366 3436 ut
379 3376 566 3439 adsuesceret
579 3378 699 3440 militiae
716 3379 862 3441 Hannibal
877 3385 965 3456 atque
984 3376 1014 3433 in
1026 3371 1099 3449 ΡΜ

17 3540 20 3547 Γ
105 3456 125 3503 *i
147 3454 226 3511 snas
246 3456 417 3519 succederet
437 3478 508 3539 opes
550 3462 668 3532 Hanno,
695 3461 814 3524 alterius
833 3461 966 3525 factionis
989 3453 1099 3536 princeps
