2280 3926
165 274 254 316 nmen
267 273 308 316 ιι.
324 270 392 316 car.
408 258 452 313 40.
464 258 508 312 tt.
529 249 568 332 [a.
584 251 619 313 Ο.
634 256 684 309 310
700 246 868 339 (seb-308]
938 253 999 342 139
1090 332 1093 339 .

64 424 141 485 risum
160 423 190 483 in
205 424 254 496 iis,
275 430 308 483 ut
327 425 440 507 murata
457 425 539 480 scuta
560 417 686 478 dominis
707 418 943 494 argentariarum
962 413 1000 474 ad

61 508 143 575 torum
158 507 319 570 ornandum
333 503 543 565 dividerentur.
569 501 639 561 iude
650 509 751 562 uatum
762 502 877 561 initium
892 500 1000 562 dicitm

61 591 238 654 iorlornuudi
253 590 289 652 ab
306 587 465 657 aedilibus,
481 604 549 649 cum
564 593 664 646 tensae
679 584 867 645 ducerentur.
900 584 1039 644 etilo-ll
1130 602 1131 623 ³

9 680 10 687 ’
60 677 126 736 mani
139 677 254 756 quidem
269 674 304 736 ad
321 674 467 735 honorem
488 672 576 732 deum
591 669 858 748 insignibusarmis
872 666 1000 728 hostium
1130 698 1131 705 .

60 762 96 820 usi
107 768 184 830 suut;
199 759 340 841 Campani
354 755 390 820 ab
412 755 550 834 superbia
568 763 598 816 et
615 754 683 815 odio
699 753 873 814 Samnitium
892 748 1000 829 gladia·

60 851 138 915 tores,
158 846 235 926 quod
252 840 450 925 spectaculam
465 842 542 900 inter
559 838 660 918 epulas
675 845 752 908 erat,
776 854 812 897 eo
828 843 935 896 ornatu
953 851 1001 894 ar·

60 937 160 991 nuunt
172 929 405 1007 Samnitiumque
421 926 541 985 nomine
561 922 774 1004 conpellarunt.
870 994 873 998 Α

9 1044 11 1061 ÷
109 1013 215 1076 nouem
233 1029 311 1075 auno
336 1028 404 1072 cum
425 1009 557 1089 reliquiis
572 1007 765 1069 Etruscorum
784 1005 823 1068 ad
837 1004 998 1072 Perusiam,
1013 1005 1045 1060 18

9 1126 10 1131 ¹
60 1112 121 1176 quae
133 1106 161 1160 et
173 1101 235 1181 ipsa
248 1095 432 1159 indutiarum
447 1092 685 1172 fidemruperat,
707 1089 815 1154 Fabius
829 1087 932 1151 consul
947 1103 1003 1148 nec

59 1180 131 1243 tulta
154 1194 208 1263 nec
227 1180 340 1245 diitioiii
366 1179 487 1240 uictoria
512 1176 638 1238 dimicat.
679 1179 776 1257 ipsum
797 1174 938 1255 oppidum
961 1204 997 1216 -
1013 1176 1046 1229 le

10 1336 11 1339 Ἴ
59 1281 114 1327 uam
133 1268 168 1328 ad
185 1267 306 1330 moenia
323 1267 418 1327 victor
441 1264 565 1324 accessit
578 1292 622 1307 ·-
633 1263 772 1340 cepisset,
797 1262 829 1322 ni
848 1259 938 1338 legati
953 1257 1003 1319 de·

59 1347 145 1412 dentes
158 1351 265 1414 urbem
282 1353 422 1411 exissent.
456 1346 602 1427 praesidio
612 1345 751 1407 Perusiae
766 1346 907 1423 inposito,
922 1340 1002 1420 lega·
1013 1343 1047 1397 20

10 1512 11 1515 Ἴ
59 1434 169 1498 tionibus
183 1435 323 1500 Etruniae
338 1431 496 1496 amicitiam
510 1429 679 1512 petentibus
693 1440 765 1507 prae
781 1445 814 1489 se
828 1427 952 1489 Romam
967 1423 1004 1484 ad

9 1522 11 1563 ἲ
57 1527 173 1584 senatum
190 1521 306 1591 nnsis,
328 1514 431 1580 consul
445 1515 658 1596 praestantiore
675 1513 763 1572 etiam
775 1529 863 1590 quam
879 1510 1003 1569 dictator

9 1618 11 1629 ’
58 1602 159 1669 ticum
177 1605 367 1684 triumphans
386 1601 493 1663 urbem
512 1607 557 1660 est
578 1598 720 1658 invectus.
753 1594 931 1675 quinetiam
951 1590 1002 1652 de·
1014 1594 1046 1646 21

9 1690 11 1703 ⁵
57 1687 379 1754 uturumsamnltium
396 1683 486 1747 decus
507 1699 614 1761 magua
629 1699 665 1743 ex
683 1685 769 1761 parte
788 1678 825 1738 ad
845 1676 958 1755 legatos
972 1674 1005 1735 P.

9 1786 10 1789 ’
57 1769 161 1839 llecium
181 1785 212 1838 et
226 1776 266 1839 bl.
281 1772 435 1835 Valerium
450 1776 494 1831 est
508 1782 639 1841 versum,
664 1782 739 1846 quos
758 1761 886 1843 populus
906 1759 1006 1840 proxi·

9 1864 11 1889 ³
57 1857 102 1917 uis
114 1863 238 1924 comitiis
252 1857 370 1937 ingenti
385 1870 532 1916 consensu
547 1851 698 1913 consulem
718 1847 862 1917 alterum,
879 1844 1005 1908 alterum

57 1948 209 2020 praetorem
225 1940 395 2007 declaravit.

104 2027 173 2092 itit,
208 2028 304 2093 Fabio
330 2025 368 2085 ob
398 2024 516 2102 egregie
544 2020 739 2099 perdomitam
760 2015 909 2077 Etruriam
935 2015 1032 2072 con-1
1130 2040 1131 2043 =

55 2111 171 2177 ducatur
186 2108 377 2180 consulatus,
399 2109 489 2171 becio
510 2104 623 2185 collega
645 2103 739 2168 datur.
767 2100 902 2161 Valerius
920 2111 1006 2174 prae-

55 2201 94 2256 tor
107 2209 241 2279 quartum
258 2202 386 2258 creatus.
417 2188 554 2253 consules
568 2190 670 2271 partiti
684 2186 867 2268 provincias:
888 2178 1034 2241 mrurraa
1130 2182 1131 2185 ’

55 2277 140 2354 llecio,
153 2284 310 2347 Samnium
320 2277 413 2341 Fabio
424 2277 529 2339 evenit.
555 2278 581 2336 is
589 2273 740 2354 proiectus
751 2267 788 2328 ad
795 2258 1007 2351 Nuceriamdl-
1020 2265 1036 2318 3

55 2362 202 2442 laternam,
218 2374 286 2428 trun
299 2380 403 2444 pacem
418 2360 559 2442 petentis,
576 2357 655 2439 quod
669 2357 713 2416 uti
728 2368 777 2422 ea,
798 2366 866 2411 cum
877 2348 1007 2415 daretur,

56 2450 221 2525 uoluissent,
232 2458 408 2530 aspernatus
419 2453 480 2514 esta
489 2434 686 2523 oppugnando
696 2439 732 2499 ad
744 2434 925 2497 deditionem
938 2429 1007 2491 oub·
1022 2462 1027 2466 -

55 2537 114 2612 tait.
143 2550 212 2601 cum
231 2533 414 2599 Samnitibus
435 2530 498 2590 acie
517 2529 704 2595 dimicatum
725 2520 804 2584 haud
818 2532 927 2596 magno
943 2517 1036 2574 cer-4

56 2620 153 2684 lemme
175 2624 280 2686 hostes
304 2619 386 2680 victi:
412 2629 511 2692 neque
528 2614 591 2673 eius
610 2625 728 2691 pugnae
742 2603 886 2665 memoria
903 2596 1009 2660 tradita

55 2697 136 2779 iuret,
149 2700 285 2771 niblarsi
297 2723 332 2766 eo
343 2703 472 2783 primum
484 2696 597 2777 proelio
609 2711 676 2755 cum
687 2687 829 2753 Romanis
839 2683 1009 2747 bellassent.

57 2793 140 2852 secuti
157 2792 327 2854 Marsorum
347 2785 543 2855 delectionem
557 2778 690 2858 Pacligni
713 2773 837 2837 eandem
860 2770 1011 2862 fortunam

56 2867 224 2950 babuerunt,
266 2873 357 2936 Decio
378 2884 510 2949 quoque,
534 2866 619 2928 alteri
642 2860 770 2929 consuli,
794 2855 924 2920 secunda
943 2847 1039 2912 bellio
1130 2870 1131 2873 ¹

57 2951 164 3022 lomuna
179 2966 254 3024 erat.
280 2957 525 3038 Tarquiniensem
546 2960 628 3014 metu
648 2948 806 3026 subegerat
829 2941 1011 3002 frumentum

59 3046 191 3107 exercitui
217 3040 363 3124 praebere
387 3048 474 3120 atque
499 3038 628 3099 indutias
648 3035 680 3094 iu
705 3028 898 3110 quadraginta
918 3034 1011 3081 annus
1130 3102 1131 3105 Ἴ

60 3132 162 3198 potere.
191 3118 563 3190 Vulsiniensiumcastella
579 3118 690 3198 aliquot
709 3117 738 3174 ri
753 3114 846 3192 cepit;
869 3101 1039 3186 quaedamss

59 3222 91 3267 ex
102 3212 147 3274 his
158 3214 263 3286 diruit,
279 3232 317 3275 ne
329 3208 516 3289 receptaculo
527 3202 661 3267 hostibus
672 3204 785 3264 essent:
803 3187 1014 3254 circumiacen-

61 3291 149 3376 tloque
163 3299 274 3378 passim
289 3296 368 3360 bello
387 3300 502 3356 tautum
520 3297 667 3351 terrorem
683 3283 729 3344 sui
751 3278 835 3348 lecit,
856 3280 890 3336 ut
904 3284 1015 3333 nomen

61 3393 142 3441 omne
161 3380 319 3446 Etruscum
343 3378 448 3442 foedus
473 3375 509 3438 ab
538 3368 660 3436 consule
683 3369 807 3448 peteret.
852 3376 888 3422 ac
914 3356 951 3418 de
978 3358 1041 3454 cot
1130 3418 1131 3423 .

62 3463 187 3539 quidem.
200 3466 274 3530 nibil
299 3469 506 3546 impetratum
532 3455 663 3519 indutiae
687 3464 801 3513 annuae
824 3445 918 3508 datae.
964 3445 1016 3500 au·

61 3546 194 3622 rendum
205 3554 337 3615 exercitu
347 3550 481 3613 Romane
493 3544 529 3607 ab
544 3543 630 3604 hoste
643 3541 676 3601 in
688 3554 755 3598 eum
767 3549 877 3596 annum
891 3538 1018 3607 pensum
