2350 3922
264 242 358 282 nmen
372 243 449 283 xxu.
473 241 539 282 oar.
556 229 596 280 352
615 227 656 282 36.
674 219 712 302 [a.
730 222 763 283 0.
779 219 840 302 ala]
970 218 1031 288 293

77 392 153 452 livio
171 389 277 456 consul
297 389 437 477 luerat'et
456 389 642 451 damnatione
659 387 799 464 conlegae
821 394 851 448 et
873 405 925 450 sua
939 406 1032 467 prope

77 474 225 536 ambustus
244 481 390 544 eraserat,
408 473 547 534 infestum
561 470 672 550 plebei,
691 472 740 532 diu
757 488 791 531 ac
806 469 930 533 multum
945 489 1031 533 recu·

77 547 193 621 salntem
201 557 239 619 ad
255 558 427 637 petitionem
450 555 598 637 conpellit.
631 556 805 636 isproximo
827 554 965 616 comitiali
985 555 1061 615 diet
1156 574 1157 583 ¹

78 641 304 703 concedentibus
329 640 481 711 omnibns,
515 642 565 720 qni
589 646 656 701 cum
682 640 813 700 Varrone
839 645 1031 707 certaverant,

77 744 126 824 par
147 727 243 804 magis
264 727 296 786 in
318 725 532 786 adversandum
552 742 639 804 quam
659 723 782 801 conlega
798 722 885 783 datur
908 722 1030 783 consuli,

77 809 140 870 inde
150 816 324 890 praetorum
337 810 455 870 comitia
465 808 580 877 habita;
594 807 733 871 crea'till.
743 807 923 886 Pomponius
934 806 1059 867 Matheo
1156 816 1157 819 ’

78 900 103 953 ot
120 894 152 953 P.
173 894 284 955 Furius
312 894 431 962 Philum
452 886 537 954 Philo
552 892 662 954 Romae
686 892 743 952 iuri
767 890 895 952 dicundo
918 889 1031 951 urbana

78 995 153 1046 sors,
168 979 336 1057 Pomponio
352 978 515 1038 intercisis
530 977 678 1039 Romanos
698 985 728 1036 et
737 976 914 1055 peregrinos
927 975 1031 1036 evenit.
1084 1030 1089 1037 ,

78 1060 162 1122 additi
184 1062 244 1122 duo
267 1069 435 1141 praetores,
457 1059 494 1121 M.
516 1060 653 1123 Claudius
673 1058 828 1123 Marcellus
846 1061 877 1119 in
895 1057 1061 1126 Siciliamo

77 1142 107 1204 t.
121 1145 289 1207 Postumius
305 1144 477 1206 Albinusin
493 1144 625 1205 Galliam.
665 1162 767 1205 omnes
786 1143 924 1206 absentes
939 1144 1057 1204 creatii
1156 1172 1157 1207 1

18 1252 19 1255 ¹
79 1237 155 1298 sunt,
174 1247 234 1290 nec
256 1230 392 1308 cuiquam
419 1246 522 1290 eorum
547 1235 665 1306 praeter
682 1228 853 1289 Terentium
880 1227 1032 1289 consulem

80 1313 227 1375 mandatus
244 1313 342 1374 honos
358 1329 445 1391 quem
461 1330 522 1372 non
541 1312 599 1373 ism
616 1318 701 1372 antea
719 1313 870 1389 gessisset,
889 1313 1033 1391 praeteri·

81 1395 113 1454 tis
126 1395 236 1476 aliquot
252 1395 378 1457 lortibus
392 1415 426 1457 ac
449 1396 578 1456 strenuis
594 1396 679 1464 viris,
706 1396 773 1477 quia
786 1396 817 1454 iu
833 1393 885 1455 tali
900 1402 1033 1475 tempore

80 1477 146 1539 nulli
160 1498 255 1542 novus
269 1482 458 1559 magistratus
472 1478 625 1540 videbatur
639 1477 832 1539 mandandus.

138 1563 266 1625 XXXVI.
299 1564 454 1624 Exercitus
469 1579 585 1643 quoque
600 1561 785 1640 multiplicati
802 1571 880 1624 sunt.
909 1567 1034 1639 quantae
1047 1567 1060 1618 1
1156 1560 1157 1589 l

81 1652 171 1707 autem
195 1650 299 1727 copiae
319 1647 450 1726 peditum
471 1647 659 1727 equitumque
679 1645 793 1705 additae
815 1645 887 1714 sint,
909 1643 982 1704 adeo
1004 1651 1034 1705 et
1156 1654 1157 1657 ’

82 1743 197 1791 numero
214 1740 244 1792 et
259 1748 370 1811 genere
385 1731 536 1809 copiamm
550 1731 663 1796 variant
677 1735 825 1799 auctores,
845 1745 878 1789 ut
891 1728 937 1788 vix
953 1729 1034 1807 quic·

82 1827 160 1888 quam
179 1818 251 1876 satis
269 1820 382 1875 certum
399 1813 555 1874 adfirmare
575 1832 662 1875 ausus
676 1814 741 1873 sim.
768 1813 871 1873 decem
886 1810 966 1872 milia
981 1819 1062 1873 no·2
1156 1844 1157 1847 =

18 1954 19 1957 ,
81 1909 177 1958 vorum
194 1898 321 1960 militum
343 1897 391 1959 alii
415 1898 523 1977 scripta
545 1899 579 1959 in
601 1896 851 1978 supplementum,
874 1894 923 1957 alii
945 1913 1034 1957 novas
1156 1900 1157 1903 ’

18 2018 20 2039 ;
82 1986 212 2054 quattuor
223 1981 365 2062 legiones,
378 1988 411 2042 ut
417 1989 483 2042 octo
495 1981 659 2060 legionibus
666 1999 730 2042 rem
742 1989 896 2060 gererent;
911 1986 1064 2041 numeros

18 2120 19 2123 ,
84 2074 192 2141 quoqne
206 2067 341 2145 peditum
358 2066 546 2144 equitumque
560 2065 693 2144 legiones
707 2073 807 2126 auctas
821 2064 940 2125 milibus
951 2064 1033 2142 pedi-

83 2147 138 2204 tum
160 2156 189 2209 et
207 2151 342 2211 centenis
368 2148 514 2228 equitibus
534 2149 564 2208 in
585 2149 714 2227 singulas
736 2146 870 2218 adiectis,
894 2154 926 2206 ut
945 2148 1033 2226 quina

84 2225 156 2289 milia
172 2233 320 2312 peditum,
337 2233 449 2292 treceni
467 2233 579 2311 equites
595 2239 707 2302 essent,
729 2232 801 2292 socii
818 2229 964 2309 duplicem
980 2247 1033 2290 nu·
1156 2300 1157 2303 Ἴ

84 2325 191 2376 memm
206 2319 337 2398 equitum
349 2315 462 2385 darent,
474 2314 581 2392 peditis
592 2322 760 2393 aequarent
774 2312 901 2393 [septem
914 2321 944 2373 et
954 2321 1063 2374 octo-4
1156 2312 1157 2367 3

18 2436 20 2443 ,
86 2393 158 2466 ginta
172 2399 251 2462 milia
267 2407 448 2460 armatorum
464 2405 494 2459 et
508 2410 540 2452 cc
553 2398 584 2457 in
599 2399 702 2458 castris
712 2397 866 2468 Romanis,
882 2415 949 2457 cnm
961 2414 1034 2476 pug·
1156 2396 1157 2471 j

18 2520 20 2527 ,
86 2484 180 2543 nalum
193 2484 229 2544 ad
245 2485 359 2546 Cannas
377 2489 434 2552 est,
452 2480 570 2561 quidam
587 2488 722 2541 auctores
741 2478 833 2560 sunt].
855 2480 927 2541 illud
942 2481 1062 2541 haud-5

87 2572 223 2642 illaquam
236 2568 391 2646 discrepat,
405 2567 515 2626 maiore
528 2572 634 2625 conatu
645 2572 731 2643 atque
741 2565 853 2642 impetu
864 2581 927 2623 rem
940 2570 1034 2624 actam

88 2657 167 2717 quam
181 2651 329 2727 prioribus
344 2651 443 2720 anniS,
465 2649 532 2728 quia
547 2665 630 2726 spem
643 2664 730 2725 posse
753 2647 830 2706 vinci
844 2648 959 2707 hostem
975 2647 1034 2707 dic·

87 2727 157 2787 tator
173 2734 358 2809 praebuerat.
1156 2796 1157 2801 γ

146 2812 280 2879 Ceterum
298 2819 468 2898 priusquam
484 2817 566 2894 signa
582 2813 618 2877 ab
634 2813 708 2876 urbe
722 2831 816 2874 novae
828 2814 959 2893 legiones
973 2822 1064 2875 mo·6
1156 2868 1157 2873 ,

18 2922 19 2925 =
91 2904 198 2974 serent,
216 2901 372 2964 decemviri
385 2898 477 2962 libros
491 2900 573 2962 adire
588 2904 674 2979 atque
690 2899 835 2977 inspicere
850 2899 922 2960 iussi
945 2917 1035 2978 prop·
1156 2940 1157 2957 i

90 2975 130 3066 ter
144 2985 260 3052 territos
277 2986 362 3067 volgo
376 2987 512 3050 homines
527 2983 608 3046 noris
621 2984 777 3067 prodigiis:
800 3000 867 3046 narn
883 2990 912 3043 et
925 2982 1063 3043 Romaea

90 3069 117 3116 m
131 3062 267 3133 dvendno
291 3080 320 3135 et
341 3073 455 3133 Ariciae
472 3070 637 3134 nuntiatum
661 3078 725 3131 erat
748 3068 802 3129 sub
822 3070 898 3129 idem
920 3075 1036 3145 tempus
1156 3082 1157 3087 ¹

91 3136 226 3238 lapidibus
241 3156 375 3233 pluvisse,
392 3164 422 3215 et
436 3155 528 3216 mnlto
544 3168 649 3216 cruore
665 3156 748 3233 signa
763 3153 796 3212 in
810 3152 939 3218 Sabinis,
964 3150 1035 3211 Cae·
1156 3204 1157 3229 ,

94 3220 142 3284 ‘¹¹1⁸
155 3247 243 3308 aquas
257 3238 337 3299 lente
354 3237 448 3297 calido
461 3238 579 3312 pelidae
593 3255 742 3305 manasse;
758 3235 789 3295 id
804 3235 920 3315 quidem
938 3236 1065 3304 etiams
1156 3240 1157 3299 j

92 3309 164 3378 quod
185 3321 298 3398 saepius
313 3321 475 3387 acciderat,
496 3324 588 3399 magis
608 3320 748 3382 terrebat.
777 3328 806 3380 et
825 3322 856 3380 in
872 3320 916 3379 via
932 3320 1036 3380 Forni-

94 3395 171 3491 ⁰³¹³&
181 3415 251 3476 quae
263 3404 300 3465 ad
315 3404 458 3483 Campum
471 3412 543 3475 erat,
560 3405 669 3484 aliquot
680 3405 815 3487 homines
827 3405 863 3465 de
875 3403 956 3465 caelo
967 3405 1037 3464 tacti
1156 3448 1157 3459 2

95 3482 296 3566 exanimatique
317 3487 445 3549 inerant.
486 3505 520 3548 ea
543 3488 677 3568 prodigia
699 3507 734 3550 ex
761 3486 844 3551 libris
869 3491 1066 3569 procuratae
1086 3553 1088 3557 ,
1156 3486 1157 3527 ³
