2280 3926
141 207 202 272 158
272 222 366 264 nmen
379 224 408 263 x.
423 219 492 266 ote.
510 209 551 263 to.
568 208 613 262 ll,
629 197 668 283 [a.
683 222 715 263 u.
730 221 757 262 c.
771 206 832 261 455.
846 197 908 280 456]

100 377 132 430 10
143 372 258 448 misque
270 367 449 430 lacesserent
463 369 599 434 cultores.
628 366 805 430 militaturos
818 374 915 427 tamen
929 383 973 435 se,
993 366 1015 426 si
1029 366 1076 425 uti·

141 471 198 532 que
214 453 330 514 Etrusci
354 451 458 524 velint,
485 453 534 515 sed
559 451 638 517 nulla
653 451 710 512 alia
725 449 877 519 mercede,
901 467 985 529 quam
1003 455 1034 508 ut
1051 450 1076 508 in

140 545 254 616 partem
266 537 330 617 agri
345 538 526 616 accipiantur
542 536 720 615 tandemque
735 533 832 614 aliqua
845 533 916 595 sede
927 540 1003 594 certa
1019 549 1075 591 con·

102 627 130 681 tl
142 622 254 698 sistant.
287 618 380 680 multa
392 619 431 681 de
447 639 482 682 eo
498 620 621 683 concilia
636 618 814 699 populorum
829 617 964 681 Etruriae
984 615 1076 684 habita,

140 722 197 765 nec
212 703 315 784 perflcl
324 705 480 783 quicquam
490 707 599 785 potuit,
618 720 678 764 non
690 710 750 765 tam
763 703 830 782 quia
845 701 970 762 inminui
979 717 1075 778 agrum

141 806 229 868 quam
250 790 318 868 quia
340 787 454 848 accolas
479 786 536 848 sibi
554 788 679 867 quisque
701 785 859 864 adiungere
878 792 938 847 tam
957 782 1076 844 efferatae

99 878 132 931 12
142 873 238 951 gentis
252 872 387 933 homines
404 870 555 931 horrebat.
585 873 592 886 '
668 871 675 884 ’
709 872 716 885 “
749 869 803 931 'G
844 870 851 884 ‘
897 869 1025 929 ecuniam
1041 867 1076 925 iu·

161 962 228 1017 ente
291 957 339 1014 'ne
353 952 501 1014 laboreac
538 972 598 1015 erre
707 960 752 1013 rt
821 958 881 1014 rett
914 970 1005 1013 enm.
1030 949 1075 1009 llo·

139 1057 206 1099 mae
220 1045 367 1099 terrorem
388 1055 459 1114 prae
482 1046 526 1098 u1t
547 1037 624 1100 lama
644 1036 748 1099 Gallici
769 1035 952 1101 tumultusa
1003 1032 1076 1109 eluro

140 1122 296 1182 Etruscum
313 1119 433 1181 adiecti:
450 1140 485 1183 eo
500 1122 597 1183 minus
611 1127 784 1183 cunctanter
800 1120 907 1181 foedus
925 1122 1011 1180 ictum
1023 1131 1075 1176 cum

139 1204 250 1265 Picenti
267 1203 375 1282 populo
391 1212 444 1266 est.
542 1204 544 1207 ’
833 1246 834 1250 =

110 1293 123 1345 t
197 1287 247 1348 XI.
278 1287 312 1347 Τ.
330 1287 438 1349 Manlio
449 1288 569 1349 'consuli
589 1289 740 1368 provincia
756 1288 876 1348 Etruria
891 1293 970 1350 sorte
984 1281 1074 1348 evenit

137 1373 190 1451 qui
204 1370 322 1431 vixdum
337 1373 488 1450 ingressus
502 1374 631 1434 bostium
647 1371 714 1433 finis
729 1389 796 1432 curn
813 1376 1000 1433 exerceretur
1015 1368 1074 1426 inter

140 1457 267 1535 equites,
288 1454 324 1515 ab
348 1456 452 1536 rapido
475 1474 564 1518 cursu
578 1454 805 1533 circumagendo
829 1473 908 1534 equo
924 1453 1024 1515 effusus
1038 1465 1074 1506 ex·

138 1537 250 1619 templo
265 1556 359 1619 prope
374 1541 525 1620 expiravit.
552 1541 655 1600 tertius
669 1538 706 1598 ab
721 1556 845 1613 eocasu
856 1539 920 1600 dies
942 1537 1005 1597 linis
1016 1533 1074 1592 ritae

111 1623 253 1684 accusati
272 1623 336 1683 luit.
374 1642 432 1703 quc
451 1623 531 1684 velut
546 1624 644 1684 omine
657 1621 731 1682 ‘belli
754 1630 879 1701 accepto
900 1622 969 1682 deos
987 1635 1034 1697 pro
1051 1629 1074 1672 se

141 1707 321 1768 commisisse
335 1705 446 1767 bellum
467 1713 665 1767 memorantes
679 1707 796 1766 Etrusci
809 1705 955 1767 sustulere
972 1701 1072 1763 ammos

113 1789 250 1850 tllomae
267 1806 335 1849 cum
356 1788 503 1849 desiderio
531 1789 587 1849 viri
605 1796 668 1850 tum
695 1789 938 1853 incommoditate
957 1780 1073 1862 temporis

140 1873 232 1932 tristis
247 1872 367 1931 nuntius
382 1871 449 1942 luit,
474 1880 507 1933 ut
521 1879 621 1951 patres
635 1873 673 1933 ab
686 1872 817 1934 iubendo
832 1873 974 1936 dictatore
990 1880 1072 1928 consu·

139 1954 175 2014 lis
192 1951 373 2031 subrogandi
386 1956 504 2016 semida
519 1973 556 2017 ex
579 1958 725 2017 sententia
747 1958 917 2037 principum
934 1946 1072 2016 beliade

111 2037 309 2099 etermerint.
341 2038 380 2098 M.
397 2038 547 2100 Valerium
565 2039 715 2101 consulem
729 2058 833 2101 omnes
848 2041 1007 2102 sententiae
1019 2046 1071 2092 cen·

139 2123 293 2201 turiaeque
307 2121 421 2194 dixere,
445 2141 533 2203 quem
555 2132 673 2185 senatus
693 2124 869 2185 dictatorem
891 2123 950 2185 dici
964 2116 1071 2206 iussurus

139 2206 249 2268 fuerat:
271 2211 331 2266 tum
353 2207 501 2287 extemplo
520 2208 552 2267 in
572 2208 721 2268 Etruriam
742 2208 779 2268 ad
793 2207 931 2287 legiones
950 2199 1070 2284 prototo

111 2291 232 2351 tiussit.
272 2289 414 2352 adventus
436 2291 498 2353 eius
520 2293 685 2371 conpressit
699 2291 839 2353 Etmscos
853 2291 944 2369 adeo,
959 2294 990 2349 ut
1004 2293 1069 2344 nent

139 2380 222 2434 extra
243 2375 426 2436 munimenta
440 2374 543 2453 egredi
565 2375 700 2445 auderet,
726 2377 873 2455 timorque
896 2377 1020 2454 ipsorum
1032 2361 1069 2457 ol·

111 2456 247 2517 bsidioni
266 2455 369 2518 similis
389 2466 476 2519 esset.
513 2476 609 2538 neque
628 2457 694 2519 illos
715 2476 807 2519 novus
829 2457 932 2520 consul
950 2444 1069 2516 vastando

139 2541 219 2619 agris
230 2541 409 2622 urendisque
422 2543 524 2613 tectis,
540 2560 606 2603 cum
621 2543 731 2623 passim
747 2560 806 2603 non
817 2541 902 2604 villae
918 2539 1017 2604 solum,
1032 2521 1068 2588 iil

139 2623 309 2704 trequentes
324 2644 441 2706 quoque
453 2621 664 2688 rici'incendiis
677 2625 839 2698 fumarent,
857 2627 962 2699 elicere
977 2617 1010 2681 ad
1021 2625 1067 2674 otr-

140 2715 238 2768 tamen
253 2710 356 2786 potuit.
1053 2775 1059 2788 ‚
1098 2762 1103 2769 ,

110 2794 128 2844 ⁷
201 2790 274 2850 (lum
291 2790 349 2851 boc
359 2792 478 2868 segnius
487 2790 599 2853 bellum
610 2794 750 2871 opinione
768 2802 860 2864 esset,
878 2792 993 2855 alterius
1007 2773 1064 2844 belli

140 2872 219 2952 quod
233 2871 333 2932 multis
349 2875 475 2935 invicem
491 2873 624 2955 cladibus
638 2876 716 2939 haud
727 2879 866 2939 inmerito
879 2871 1004 2938 terribile
1013 2863 1063 2926 etti

138 2956 217 3017 lama
232 2955 411 3028 Picentium,
434 2975 577 3020 novorum
599 2961 763 3031 sociorum,
785 2962 896 3023 indicio
917 2947 1064 3020 exornes

139 3040 285 3102 Samnites
301 3057 384 3103 arma
398 3049 429 3103 et
444 3040 636 3105 rebellionem
653 3054 802 3125 spectare,
823 3062 913 3129 seque
926 3040 963 3103 ab
978 3035 1009 3096 iil
1022 3020 1063 3089 ⁵⁰¹·

102 3123 264 3200 ,ilicitatos
283 3141 357 3186 esse.
395 3125 565 3189 Picentibus
589 3129 701 3206 gradec
725 3137 822 3201 actae,
843 3137 873 3190 et
899 3137 998 3203 magns
1013 3117 1065 3208 pars

112 3211 228 3268 scurae
248 3206 383 3288 patribus
406 3210 443 3271 ab
459 3210 578 3273 Etruria
592 3212 624 3271 in
641 3212 789 3274 Samnites
804 3197 1062 3295 vpgsacmffllffl

90 3287 376 3381 „etlamannouae
398 3293 551 3355 sollicitam
568 3295 713 3356 civitatem
728 3295 845 3370 babuit,
866 3264 1062 3366 ventumsteid

106 3368 256 3447 „inopiae
265 3370 401 3435 ultimum
414 3376 507 3446 leret,
524 3385 556 3437 ut
569 3380 716 3457 scripsere
723 3426 737 3453 ,2
743 3379 852 3459 'qtdbus
867 3375 984 3441 aedilem
995 3361 1062 3439 filli&

140 3463 177 3506 eo
191 3465 269 3508 anno
283 3451 406 3517 Fabium
419 3458 577 3521 Maximum
592 3460 705 3540 placet,
726 3464 758 3523 ni
772 3467 834 3527 eius
848 3464 902 3527 viri
915 3473 993 3532 curs,
1002 3453 1062 3525 W
