2290 3920
156 206 217 272 192
356 223 449 264 umus
462 224 493 264 x.
510 222 577 263 cnr.
594 208 636 262 39.
652 210 695 264 40.
708 202 748 282 [a.
764 227 794 266 u.
810 226 835 266 c.
851 202 909 284 461]
982 244 986 249 .

156 371 245 432 fando
266 388 351 431 sacro
371 372 460 430 mixta
482 369 634 431 hominum
655 368 861 449 pecudumque
881 369 967 431 caede
988 386 1088 448 resper-

156 474 218 525 sus,
240 455 362 534 ancipiti
376 453 464 514 deum
481 454 543 514 irae
559 452 693 524 devotus,
715 454 787 514 hinc
804 452 954 514 foederum
968 470 1029 513 cum
1041 452 1088 512 Ro·

114 548 144 597 17
157 539 252 601 manis
274 539 401 599 ictorum
425 544 514 599 testes
536 536 621 608 deos,
648 537 718 599 hinc
736 539 810 599 iuris
835 536 948 598 iurandi
971 535 1088 597 adversus

154 622 275 683 foedera
297 624 426 701 suscepti
448 621 650 682 execrationes
668 621 810 690 horrens,
829 622 945 681 inritus
962 620 1087 688 iuraverit,

155 707 251 767 oderit
261 712 492 774 sacramentum,
504 723 564 765 uno
574 711 708 785 tempore
720 704 790 766 deos
802 706 880 766 cives
890 705 979 766 hostis
988 710 1087 765 metuat.

128 798 141 848 1
215 791 273 852 XL.
309 791 389 851 Haec
414 796 555 867 conperta
582 786 772 867 perfugarum
803 789 919 850 iudiciis
942 806 1005 850 cum
1028 786 1089 866 apud

154 874 285 935 infensos
298 876 357 937 iam
369 891 421 934 sua
436 884 540 952 sponte
554 871 662 933 milites
677 873 878 942 disseruisset,
899 871 982 933 simul
997 870 1088 931 divinae

154 959 358 1038 humanaeque
382 957 446 1035 spei
467 955 547 1035 pleni
562 955 691 1017 clamore
708 956 905 1018 consentienti
917 973 1036 1037 pugnam
1049 973 1088 1034 pc·

155 1049 256 1110 scunt;
275 1041 406 1120 paenitet
422 1041 453 1099 in
467 1039 712 1118 posterumdfem
728 1039 850 1102 dilatum
866 1048 1023 1107 certamem
1041 1055 1089 1098 mou

125 1135 142 1183 2
153 1143 217 1186 ram
230 1125 288 1185 diei
300 1124 451 1203 noctisque
461 1122 596 1185 oderunt.
625 1125 712 1184 tertia
722 1123 820 1202 vigilia
834 1126 927 1185 nemis
940 1126 997 1184 iam
1010 1120 1088 1183 relatis

153 1207 260 1268 litteris
281 1225 297 1268 a
319 1205 432 1285 collega
445 1207 581 1284 Papirius
606 1206 723 1269 silentio
745 1209 841 1286 surgit
857 1215 888 1270 et
908 1206 1052 1288 pullarium
1065 1205 1088 1263 iu

127 1292 315 1370 3auspicium
337 1292 435 1350 mittit.
467 1289 580 1352 nullum
595 1298 659 1352 erat
680 1309 775 1369 genus
795 1293 949 1354 homiuum
964 1294 992 1351 iu
1008 1289 1088 1351 castris

153 1378 295 1436 intactum
312 1374 473 1454 cupiditate
494 1392 626 1454 pugnae,
655 1377 761 1438 summi
782 1377 935 1456 infimique
955 1391 1039 1454 acque
1056 1374 1087 1430 in·

153 1461 226 1520 tenti
241 1467 340 1529 erant;
366 1458 424 1520 dux
438 1458 578 1528 militum,
600 1458 684 1521 miles
699 1458 782 1521 ducis
800 1460 938 1522 ardorem
955 1455 1087 1538 spectabat

127 1544 180 1603 sis
192 1543 422 1604 ardoromuium
434 1543 570 1605 etiamad
583 1561 646 1612 eos,
659 1545 709 1622 qui
716 1544 848 1623 auspiciu
855 1546 1030 1611 intererant,
1038 1555 1087 1620 per·

152 1628 240 1687 venit.
271 1645 339 1687 nam
351 1644 417 1687 cum
430 1626 503 1706 pulli
513 1644 573 1689 non
585 1636 786 1706 pascerentur,
799 1627 943 1707 pullarius
953 1622 1087 1705 suspiciunt

123 1718 139 1768 5
151 1711 270 1770 mentiri
279 1727 367 1771 ansus
377 1710 539 1789 tripudium
550 1709 725 1772 solistimum
737 1711 852 1773 consuli
864 1713 1011 1774 nuntiarit.
1036 1723 1086 1769 cca·

152 1793 199 1855 sul
212 1793 305 1855 laetus
321 1794 483 1873 auspicium
500 1794 651 1873 egregium
665 1813 728 1855 esse
745 1803 774 1856 et
789 1795 854 1858 deis
869 1794 1030 1858 auctoribus
1041 1804 1086 1850 ren

126 1883 288 1953 cgesturos
297 1879 482 1954 pronuntiat,
498 1878 674 1957 signumque
690 1895 806 1957 pugnae
821 1881 971 1961 proponit.
996 1871 1088 1952 exeunti

35 2008 39 2023 „
151 1962 210 2019 iam
226 1959 303 2020 forte
320 1960 351 2017 in
363 1961 456 2020 aciem
468 1962 583 2022 nuntiat
596 1962 720 2041 perfuga
732 1965 836 2042 viginti
852 1964 988 2033 cohortes
998 1955 1087 2039 stup·

152 2044 226 2104 tium
243 2077 281 2087 -
303 2042 567 2122 quadringenariae
586 2045 680 2107 ferme
701 2055 787 2108 erant
804 2085 849 2095 —-
863 2048 1022 2111 Cominium
1038 2056 1087 2121 prr

151 2126 252 2188 fectas.
274 2125 352 2206 quod
360 2143 398 2186 nc
409 2129 561 2206 ignoraret
568 2127 689 2209 collega,
704 2130 852 2211 extemplo
864 2133 998 2195 nundum
1008 2123 1086 2189 mittit:

152 2213 216 2291 ipse
229 2213 314 2289 signa
330 2212 412 2275 ocius
427 2213 556 2292 proferri
572 2213 669 2284 iubet3
691 2214 882 2295 subsidiaque
904 2217 963 2280 suis
983 2220 1087 2294 quaeque

123 2294 223 2357 tlocis
241 2303 270 2356 ct
284 2295 449 2375 praefectos
464 2297 603 2360 subsidiis
624 2298 814 2361 adtribuerat.
847 2300 953 2363 dextro
975 2288 1085 2358 cornul-

151 2379 353 2452 Volumnium‚
371 2381 489 2442 sinistro
501 2383 534 2444 L.
548 2382 732 2463 Scipionem,
750 2382 899 2464 equitibus
914 2375 1085 2462 legatos-alim

124 2462 184 2524 8C.
201 2463 368 2526 Caedicium
390 2472 420 2527 et
445 2466 477 2527 Τ.
496 2466 692 2539 Trebonium,
715 2467 868 2548 praefecit.
913 2469 963 2548 Sp.
979 2461 1086 2528 nauum

152 2547 248 2610 mulos
268 2548 407 2611 detractis
427 2548 543 2612 clitellis
565 2568 631 2613 cum
654 2551 865 2614 *cohortibus
889 2551 985 2614 alariis
1009 2548 1036 2605 in
1056 2550 1085 2600 m·

152 2631 264 2695 mulum
275 2642 466 2713 conspectum
480 2645 608 2715 propere
619 2636 842 2699 circumducere
854 2636 939 2698 lubet
949 2641 1029 2712 atque
1037 2621 1085 2686 iaie

152 2718 230 2776 inter
243 2718 337 2794 ipsam
350 2717 568 2781 dimicationem
580 2724 688 2800 quanto
704 2721 831 2782 maxime
844 2726 946 2800 posset
956 2722 1029 2780 moto
1039 2702 1083 2788 pul·

124 2807 220 2859 avere
236 2799 402 2861 ostendere.
434 2800 503 2863 dum
518 2803 566 2865 his
577 2804 708 2866 intentus
723 2806 889 2884 imperator
898 2810 974 2874 erat,
990 2797 1083 2859 alteim

153 2884 194 2943 tic
217 2884 295 2944 inter
315 2880 457 2962 pullarios
477 2894 542 2947 orta
564 2886 602 2947 de
622 2891 752 2968 auspicio
767 2891 830 2951 eius
847 2889 906 2950 diei
923 2880 1083 2963 exauditam?

153 2965 362 3050 ablequitibus
383 2967 537 3039 Romanis,
564 2972 613 3050 qui
640 2973 809 3035 remband
836 2969 1024 3052 spernendam
1044 2958 1081 3016 til

150 3044 357 3151 Sgfflll'im
373 3049 481 3141 ‘fratris
496 3053 555 3115 filio
571 3054 715 3128 consulis,
739 3057 860 3137 ambigi,
871 3056 907 3117 de
922 3047 1038 3132 auspicio
1042 3053 1083 3131 ᾖ

110 3139 145 3194 1⁰
155 3143 404 3209 nuntiaverunt.„„
417 3137 531 3218 iuuenis
549 3135 804 3203 antedoctr'inam
826 3142 896 3204 deos
923 3132 1080 3222 spernentem

154 3216 317 3309 natussum
337 3222 520 3302 inquisitam,
545 3220 669 3306 nequid
692 3214 900 3306 inconpertum
913 3196 1080 3299 deferretfd

28 3361 88 3379 W
112 3309 143 3360 ll
154 3293 304 3366 consulem
312 3302 433 3368 nitunt.
463 3308 509 3369 cui
525 3308 589 3370 ille:
605 3317 663 3382 „tu
681 3302 800 3390 quidem
814 3268 1080 3373 montemintelli

155 3387 556 3466 gestuquesmtceterum
573 3397 625 3474 qui
649 3396 779 3477 auspicio
800 3396 899 3464 adest,
923 3390 948 3450 si
963 3362 1082 3474 quillalsl

155 3469 282 3541 nuntiat,
298 3472 328 3530 in
344 3477 545 3555 semetipsum
564 3478 737 3557 religionem
753 3481 872 3561 recipit:
902 3471 973 3535 mihi
992 3456 1083 3543 qudem
