2280 3926
374 257 855 343 nmnsrm.oar.39.[a.0.322]
1052 268 1091 330 91

93 481 97 487 ,
129 442 180 489 rus
191 424 331 488 accidens
344 433 375 487 et
386 424 561 488 Samnitium
575 428 683 487 terruit
693 427 821 496 animos,
838 434 868 488 et
882 427 1021 500 dictator,
1038 428 1089 491 ubi

127 516 334 589 respectantes
361 508 489 572 hostium
516 511 726 588 antesignanos
753 509 928 591 turbataque
952 514 1039 592 signa
1061 521 1091 574 et

127 593 320 654 fluctuantem
333 595 426 655 aciem
439 594 525 664 vidit,
540 603 602 655 tum
614 592 782 673 appellare,
795 601 858 656 tum
871 593 1023 657 adhortari
1032 597 1088 657 mi·

125 675 210 748 lites,
226 675 361 738 tribunos
370 678 580 758 principesque
594 677 732 738 ordinum
744 678 916 739 nominatim
929 677 966 739 ad
978 680 1089 740 iteran-

124 760 196 821 dam
210 777 313 821 secum
336 778 466 840 pugnam
489 778 604 823 vocare.
636 766 742 822 novato
760 760 890 822 clamore
909 762 994 840 signa
1014 762 1119 823 inies

124 850 249 914 runtur,
265 849 296 904 et
305 844 448 924 quidquid
460 843 741 924 progrediebantur,
757 845 851 923 magis
862 846 1014 924 magisque
1028 852 1089 907 tnr-

126 927 214 988 batos
227 926 328 988 hostes
340 927 511 989 cernebant.
536 945 626 1008 eques
637 930 701 1007 ipse
711 929 771 989 iam
784 928 890 1006 primls
904 933 968 988 erat
977 929 1089 989 incon·

131 1018 245 1091 spectu,
258 1018 289 1071 et
300 1010 453 1073 Cornelius
465 1013 627 1092 respiciens
641 1010 677 1072 ad
689 1010 855 1091 manipulos
866 1010 1000 1084 militum,
1013 1012 1120 1092 quodt

125 1111 232 1164 manu,
253 1093 333 1174 qnod
355 1111 426 1156 voce
445 1102 577 1176 poterat,
600 1094 785 1156 monstrabat
798 1094 903 1157 vexilla
921 1113 954 1157 se
967 1113 1090 1158 suorum

126 1194 307 1257 parmasque
322 1195 446 1240 cernere
462 1180 602 1259 equitum.
639 1178 718 1258 quod
733 1177 786 1240 ubi
800 1177 932 1241 auditum
948 1179 1036 1241 simul
1047 1180 1117 1240 ria

125 1278 253 1341 sumque
270 1268 330 1331 est,
355 1260 427 1324 adeo
449 1269 572 1342 repente
594 1260 705 1324 laboris
720 1280 775 1341 per
790 1262 869 1324 diem
884 1279 979 1342 paene
995 1271 1089 1325 totum

125 1343 245 1406 tolerati
264 1344 476 1425 vulnerumque
492 1345 576 1406 obliti
589 1352 675 1415 sunt,
697 1355 731 1406 nt
743 1344 822 1406 baud
838 1363 938 1416 secus,
961 1365 1049 1426 ᾳιιιιιι
1065 1347 1091 1407 si

125 1436 192 1489 tum
204 1429 315 1508 integri
331 1432 464 1490 constris
477 1431 595 1506 signum
609 1446 725 1507 pugnae
743 1430 940 1508 accepissent,
959 1432 1088 1491 concita·

125 1512 224 1572 verint
237 1528 269 1572 oe
289 1513 321 1574 in
335 1511 460 1575 hostem.
493 1530 549 1572 nee
563 1510 641 1572 ultra
655 1510 771 1573 Samnis
794 1511 921 1572 tolerare
942 1519 1118 1573 terrerem8

126 1596 258 1675 equitum
277 1594 547 1675 peditumquevim
570 1596 678 1675 potuit:
701 1594 836 1674 partim
827 1611 860 1655 m
880 1593 978 1654 medio
1002 1596 1088 1667 eaesi,

125 1679 265 1758 partim
256 1695 288 1738 m
308 1678 408 1758 fugam
435 1678 567 1758 dissipati
584 1685 662 1740 sunt.
699 1676 790 1758 pedes
809 1684 956 1742 restantes
976 1696 1012 1739 ac
1032 1679 1089 1740 eir·
1100 1685 1118 1739 a

125 1768 298 1823 eumventos
314 1762 437 1831 cecidit;
455 1762 492 1823 ab
508 1763 606 1842 equite
624 1762 798 1842 tugientmm
814 1768 928 1839 strages
943 1769 988 1824 est
1002 1762 1087 1833 taeta,

123 1847 293 1925 intorques
311 1852 341 1906 et
356 1846 420 1925 ipse
434 1846 596 1925 imperator
612 1846 728 1907 cecidit.

189 1928 253 1990 Hoc
271 1927 390 1990 demum
406 1928 552 2008 proelium
576 1931 751 1992 Samnitium
772 1948 822 1991 res
843 1930 885 1992 ita
899 1930 1033 2010 iuiregit,
1054 1936 1131 1992 utlt

124 2011 265 2075 omnibus
272 2011 404 2073 conciliis
415 2012 580 2074 tremerent
591 2015 712 2075 minime
723 2014 753 2074 id
760 2014 878 2094 quidem
893 2017 1002 2075 mirum
1013 2033 1086 2085 esse,

124 2098 151 2157 si
167 2097 249 2173 inpio
264 2094 343 2157 bello
359 2103 389 2156 et
404 2104 507 2158 centra
522 2096 626 2159 foedus
640 2105 793 2178 suscepte,
809 2097 1010 2160 infestioribus
1025 2116 1087 2158 me-

125 2181 184 2242 rito
196 2178 259 2240 deis
270 2197 357 2259 quam
373 2178 558 2251 hominibus,
573 2180 647 2243 nihil
660 2199 804 2261 prospere
815 2187 951 2258 agerent:
967 2182 1087 2259 expian-

124 2263 197 2324 dum
212 2262 242 2323 id
265 2261 376 2324 bellum
401 2281 508 2342 magna
527 2265 666 2326 mercede
686 2263 884 2344 luendumque
901 2280 980 2333 esse;
995 2262 1026 2324 id
1040 2282 1087 2327 re·
1100 2267 1129 2323 11

124 2346 206 2408 terre
217 2354 340 2416 tantum,
356 2354 455 2408 utrum
468 2344 610 2428 supplicia
622 2350 712 2409 noxio
728 2364 891 2427 paucorum
906 2364 943 2408 an
955 2348 1087 2409 omnium

123 2431 248 2491 innoxio
262 2429 426 2510 praebeant
436 2433 594 2509 sanguine;
609 2429 815 2511 audebantque
829 2432 887 2491 iam
897 2431 1016 2510 quidam
1034 2448 1087 2491 no·

71 2548 77 2555 -
124 2515 240 2576 minare
251 2520 387 2575 auctores
398 2533 559 2576 armorum.
577 2532 669 2576 unum
685 2516 812 2574 maxime
823 2531 932 2574 nomen
944 2532 998 2591 per
1013 2531 1083 2574 enn-
1098 2522 1130 2573 12

124 2614 246 2659 sensum
257 2597 448 2660 clamantium
463 2595 579 2657 Brutuli
585 2597 658 2676 Papi
673 2594 892 2665 exaudiebatur.
921 2597 966 2655 vir
978 2595 1086 2657 nobilis

124 2687 289 2762 potensque
298 2688 369 2752 erat,
382 2678 557 2742 hauddubie
568 2680 769 2760 proximarum
781 2677 960 2740 indutiarum
972 2687 1087 2759 ruptor.

125 2764 163 2824 de
178 2782 214 2825 eo
229 2765 324 2826 eoacti
337 2763 452 2825 referre
466 2771 619 2844 praetores
629 2763 781 2824 decretum
796 2762 947 2834 iecerunt,
964 2770 997 2825 ut
1008 2763 1083 2824 Bru-
1096 2771 1128 2824 13

124 2846 205 2909 tulus
223 2845 331 2928 Papius
344 2847 485 2909 Romanis
501 2846 674 2918 dederetur,
691 2854 800 2909 etcum
816 2864 851 2908 eo
864 2847 975 2928 praeda
990 2849 1087 2909 omnis

124 2930 258 2993 Romana
271 2931 433 3011 captivique
444 2938 478 2992 ut
487 2929 611 2994 Romam
621 2933 819 3002 mitterentur,
829 2950 962 3012 quaeque
973 2949 1023 2992 res
1033 2949 1087 3010 per

124 3011 239 3074 fetiales
253 3032 291 3075 ex
305 3013 427 3075 loedere
443 3017 586 3094 repetitae
602 3023 715 3087 essent,
740 3014 902 3077 seeundum
919 3014 1087 3093 iustasque

124 3097 363 3159 restituerentur
392 3097 506 3158 fetiales
521 3097 660 3168 Romam,
680 3105 713 3159 ut
728 3105 920 3168 censuerunt,
949 3098 1030 3156 missi
1056 3103 1086 3157 et
1097 3103 1129 3154 14

124 3198 235 3259 corpus
246 3179 364 3242 Brutuli
379 3182 528 3244 examine·
547 3184 610 3262 ipse
625 3190 720 3243 morte
734 3180 896 3261 voluntaria
908 3180 1087 3258 ignominiae

123 3281 157 3324 se
168 3280 204 3324 ac
213 3264 358 3344 supplicio
370 3262 522 3326 subtraxit
544 3264 655 3345 placuit
663 3282 730 3326 cum
742 3282 868 3343 corpore
878 3261 957 3324 bona
967 3280 1085 3344 quoque
1097 3271 1128 3322 ta

124 3348 189 3409 eius
204 3346 282 3409 dedi.
298 3346 372 3408 nibil
387 3355 487 3410 tamen
504 3366 604 3411 earum
624 3366 724 3410 rerum
739 3354 858 3429 praeter
872 3349 1000 3425 captivos
1012 3366 1047 3408 ae
1060 3349 1086 3408 si

123 3448 183 3512 qua
195 3431 313 3511 cognita
322 3448 360 3491 ex
369 3431 479 3511 praeda
493 3438 562 3493 sunt
572 3438 725 3512 acceptum
736 3437 795 3501 est;
807 3438 973 3492 ceterarum
984 3448 1086 3492 rernm

123 3514 215 3574 inrita
226 3514 283 3576 init
294 3514 413 3576 deditio.
431 3514 555 3578 dictator
570 3521 733 3578 exsenatus
744 3513 878 3577 consulto
885 3512 1084 3594 triumpharit
