2396 3920
137 209 177 272 34
342 221 435 263 amsa
450 220 508 263 vn.
524 219 593 262 ear.
609 206 651 261 32.
668 195 708 278 [a.
723 220 754 260 u.
770 220 793 260 o.
810 194 872 279 411]

137 373 231 440 niam,
256 368 409 430 Cornelius
428 368 460 429 iu
482 368 647 434 Samnium,
672 365 722 427 ille
745 365 782 426 ad
802 371 933 426 montem
955 364 1099 437 Gaurum,

101 465 118 514 3
133 455 182 516 hic
197 453 234 516 ad
249 452 405 515 Saticulam
421 458 518 514 castra
530 458 654 532 ponunt.
687 450 781 530 priori
790 446 907 509 Valerio
920 448 1101 511 Samnitium

135 538 267 617 legiones
285 571 320 582 —
343 555 378 597 eo
394 554 521 616 namque
537 553 656 597 omnem
672 533 743 595 belli
759 531 867 593 molem
887 532 1101 595 inclinaturam

136 622 298 683 censebant
320 654 362 666 -
379 627 550 682 occurrunt.
581 618 670 680 simul
690 621 722 679 in
747 618 913 696 Campanos
927 616 1102 678 stimulabat

135 708 192 777 ira,
208 713 268 766 tam
286 712 441 784 promptos
461 721 542 765 nuno
564 703 601 764 ad
618 702 741 765 ferenda
763 718 843 761 nune
863 699 900 761 ad
915 701 1101 762 accersenda

102 801 121 848 4
135 791 275 852 adversus
285 807 318 850 se
330 789 451 858 auxssia3
472 795 506 848 ut
516 806 587 848 vero
600 795 696 848 castra
705 788 838 849 Romana
847 784 1000 856 viderunt,
1016 785 1100 845 fero·

135 876 209 935 citer
231 892 286 954 pro
309 892 341 934 se
363 875 487 954 quisque
515 873 633 949 signum
660 870 750 932 duces
770 887 911 949 poscere;
938 868 1101 931 adfirmare

136 958 238 1020 eadem
246 957 538 1018 fortunaliomanum
545 955 695 1034 Campano
707 953 835 1015 laturum
842 971 940 1032 opem,
946 969 1003 1031 qua
1011 954 1102 1016 Cam·

102 1052 118 1101 o
132 1060 229 1122 panus
243 1041 374 1103 Sidicino
389 1039 499 1101 tulerit.
520 1038 652 1102 Valerius
659 1035 988 1100 levibuscertaminibus
999 1045 1101 1117 temp-

132 1124 214 1185 tandi
225 1125 318 1185 hostis
329 1123 501 1186 causahaud
511 1125 552 1185 ita
562 1122 805 1185 multosmoratus
816 1121 879 1182 dies
890 1122 1007 1199 signum
1021 1139 1101 1201 pug·
1188 1197 1189 1200 Ἴ

135 1227 190 1269 nae
202 1210 363 1287 proposuit,
378 1210 557 1289 paucissuos
572 1208 751 1276 adhortatus,
759 1224 797 1265 ne
807 1222 914 1267 norum
927 1203 1038 1266 bellum
1046 1224 1103 1267 eos

102 1300 119 1352 d
133 1310 284 1373 novusque
300 1293 393 1355 bostis
407 1299 549 1354 terreret:
567 1292 707 1371 quidquid
719 1290 755 1351 ab
767 1289 842 1352 urbe
852 1288 968 1369 longius
979 1290 1100 1368 profer·
1188 1355 1189 1360 ,

133 1384 202 1439 rent
217 1394 314 1447 arma,
331 1378 426 1456 magis
435 1378 588 1456 magisque
603 1377 634 1437 iu
648 1374 774 1437 inbelles
788 1382 890 1453 gentes
901 1391 953 1436 eos
964 1374 1100 1452 prodire.

101 1469 117 1518 7
134 1477 172 1521 ne
184 1460 666 1541 SidicinorumCampanorumque
673 1458 806 1520 cladibus
816 1457 992 1519 Samnitium
1008 1459 1099 1518 aesti-

133 1553 251 1606 marent
268 1547 420 1607 virtutem:
440 1544 668 1625 qualescumque
687 1545 766 1605 inter
780 1560 812 1602 se
827 1544 1020 1612 certaverint,
1044 1559 1100 1602 ne·
1188 1545 1189 1556 ¹

134 1647 217 1691 cesse
232 1629 333 1701 luisse,
349 1627 689 1708 alterampartemvinei.
710 1627 876 1705 Canrpauos
885 1625 1005 1704 quidem
1016 1626 1100 1689 haud

135 1710 224 1772 dubie
240 1715 334 1791 magis
355 1714 446 1774 nimio
467 1712 539 1773 luxu
562 1711 721 1773 liuentibus
734 1710 826 1771 rebus
842 1709 1024 1788 mollitiaque
1042 1729 1098 1771 sua

102 1803 222 1874 nquam
237 1797 264 1855 vi
280 1794 407 1856 hostium
431 1797 522 1856 victos
542 1811 615 1855 esse.
655 1793 725 1873 qnid
746 1802 844 1855 autem
864 1811 929 1871 esse
950 1793 1009 1854 duo
1024 1812 1099 1873 pro·
1130 1788 1133 1792 ’

134 1895 221 1956 spera
235 1880 265 1938 in
282 1887 328 1940 tot
343 1877 467 1939 saeculis
483 1877 561 1939 bella
577 1879 753 1939 Samnitium
774 1878 912 1939 adversus
926 1884 971 1938 tot
987 1878 1099 1940 decora

133 1961 235 2041 populi
249 1963 387 2033 Romani,
410 1964 462 2042 qui
481 1962 646 2042 triumphos
661 1979 755 2040 paene
775 1961 877 2043 plures
898 1979 985 2041 quam
1002 1978 1098 2024 annos

102 2053 119 2105 n
135 2043 171 2106 ab
178 2044 253 2125 urbe
260 2046 377 2107 condita
388 2055 538 2118 numeret,
552 2047 604 2127 qui
614 2048 712 2108 omnia
720 2048 798 2108 circa
804 2065 845 2117 se,
858 2045 994 2117 Sabinos,
1008 2046 1097 2107 Etru·

134 2131 360 2200 riam'Latinos,
373 2128 526 2201 Hernicos,
535 2133 661 2210 Aequos,
669 2130 798 2203 Volscos,
806 2131 975 2201 Auruncos·
984 2129 1097 2192 domita

134 2215 224 2274 armis
241 2213 363 2286 habeat,
382 2216 431 2293 qui
449 2213 548 2275 Gallos
570 2222 615 2277 tot
635 2214 757 2295 proeliis
777 2232 878 2275 caesos
892 2221 1047 2294 postremo
1063 2217 1098 2276 in

92 2303 216 2358 lemare
231 2316 265 2358 ac
281 2316 371 2360 naves
381 2299 450 2377 luga
462 2297 637 2377 conpulerit.
666 2316 734 2359 eum
746 2298 839 2377 gloria
855 2298 925 2358 belli
939 2314 975 2358 ac
986 2301 1097 2360 virtute

133 2398 186 2441 sua
198 2396 345 2461 quemque
357 2382 449 2443 fretos
460 2385 505 2444 ire
515 2383 546 2442 in
557 2384 651 2443 aciem
663 2383 783 2454 debere,
796 2390 861 2443 tum
873 2384 961 2443 etiarn
973 2385 1096 2457 intueri,

92 2472 122 2523 11
135 2465 218 2525 ouius
239 2464 329 2527 ductu
351 2467 540 2546 auspicioque
559 2466 689 2527 ineunda
707 2484 807 2546 pugna
828 2469 880 2537 sit,
903 2474 1023 2538 utrum,
1044 2470 1098 2547 qui
1189 2530 1190 2537 ,

53 2580 56 2585 -
133 2548 297 2612 audiendus
308 2549 459 2613 dumtaxat
473 2550 646 2628 magnificus
659 2550 829 2612 adhortator
845 2552 899 2621 sit,
914 2549 1013 2612 verbis
1028 2559 1097 2614 tan·

133 2641 196 2693 tum
212 2633 318 2706 seror,
334 2654 459 2714 operum
473 2634 644 2696 militarium
660 2652 775 2714 expers,
791 2653 828 2695 an
845 2635 895 2713 qui
910 2642 939 2694 et
953 2635 1019 2713 lpse
1037 2636 1096 2697 tela

133 2723 274 2786 tractare,
286 2720 450 2797 procedere
462 2727 529 2779 ante
543 2719 639 2796 signa,
652 2720 765 2780 versari
774 2716 871 2779 media
882 2720 914 2779 in
924 2717 1004 2779 mole
1018 2738 1096 2799 pug-

90 2808 187 2858 1‘2nae
208 2800 291 2860 sciat.
330 2801 434 2870 „lacta
455 2820 536 2870 mea,
559 2818 624 2861 non>
643 2802 719 2863 dieta
740 2821 806 2875 vos,
828 2802 962 2864 milites“
986 2805 1106 2884 inquit,¹
1189 2870 1190 2873 ,

132 2884 242 2962 „sequi
264 2882 330 2944 volo
352 2883 607 2964 necdisciplinam
622 2883 725 2957 modo,
747 2887 800 2948 sed
820 2885 987 2965 exemplum
1004 2891 1094 2949 etiam

131 2985 148 3026 a
164 2984 212 3027 me
228 2973 340 3044 petere.
376 2987 436 3029 non
451 2969 628 3030 factionibus
646 2968 766 3053 [modo]
788 2989 843 3031 nee
857 2988 912 3050 per
938 2972 1093 3043 coitiones

131 3052 251 3113 usitatas
263 3050 419 3124 nobilibus,
432 3053 484 3115 sed
498 3053 664 3117 hacdextra
675 3055 747 3116 mibi
760 3064 820 3116 tres
831 3053 1000 3116 consulatus
1011 3073 1094 3118 sum·
1189 3060 1190 3067 ’

90 3142 122 3195 13
133 3154 269 3214 mamque
281 3134 397 3198 laudem
412 3138 526 3218 peperi.
558 3137 627 3210 luit,
644 3156 710 3200 cum
722 3140 780 3199 hoe
796 3140 854 3200 dici
867 3144 999 3218 poterat:
1018 3159 1095 3220 „pa-

131 3220 233 3279 tricius
252 3222 331 3280 euim
345 3239 412 3283 eras
423 3230 452 3284 et
468 3241 484 3283 a
499 3222 706 3284 liberatoribus
719 3225 831 3301 patriae
843 3229 926 3284 ortus
942 3230 971 3282 et
986 3225 1093 3292 eodem

131 3317 209 3360 anno
230 3301 341 3365 lamilia
365 3309 422 3367 ista
443 3304 644 3377 consulatum,
668 3325 725 3393 quo
747 3307 818 3369 urbs
842 3309 917 3368 haee
937 3308 1094 3368 consulem

88 3391 123 3442 14
135 3381 279 3443 habuit:⁴‘
305 3404 383 3449 nune
406 3393 466 3452 iam
486 3387 573 3451 nobis
594 3391 727 3469 patribus
745 3391 885 3472 vobisque
905 3386 1005 3468 plebei
1020 3409 1095 3469 pro·

131 3467 261 3529 mbcuus
273 3471 440 3534 consulatus
454 3482 549 3553 patet,
565 3491 620 3536 nec
638 3478 770 3555 generis,
786 3484 818 3540 ut
830 3482 913 3545 ante,
931 3474 984 3535 sed
998 3476 1096 3537 virtu
