2350 3922
146 210 207 273 292
282 226 377 266 urana
390 226 466 268 xxn.
482 224 551 267 cna.
568 213 612 264 34.
630 212 675 264 35.
690 202 729 286 [a.
744 228 775 267 n.
791 227 817 268 c.
827 204 887 266 537}
901 204 962 286 538]

146 373 288 442 ciliatum,
304 371 341 432 ab
354 373 387 443 Q.
405 373 478 437 Fabi
487 372 592 453 opibus
605 379 635 433 et
648 372 801 434 dictatorio
816 373 939 452 imperio
955 388 1085 435 concusso
1141 413 1142 450 ι

145 455 240 517 abana
253 455 361 516 invidia
373 455 592 535 splendentem,
611 455 712 537 volgus
727 464 759 518 et
769 456 926 518 extrahere
941 455 976 515 ad
991 472 1083 515 consu·
1141 459 1142 462 ’

144 539 235 603 latum
250 539 412 611 nitebatur,
434 548 534 620 patres
548 559 661 602 summa
688 539 932 620 opeohstahent,
955 556 992 599 ne
1006 557 1035 600 se
1047 539 1084 599 in·

120 623 287 687 asecnnde
302 624 359 685 sibi
379 625 498 704 aequari
516 624 724 686 adsuescerent
742 624 887 686 homines.
924 623 957 694 Q.
974 621 1084 684 Baebius

144 707 313 770 Herennius
336 707 602 789 tribunusplebis,
626 715 768 787 cognatus
792 709 823 770 C.
846 708 979 777 Terenti,
1001 705 1084 767 crimi-

145 791 243 853 nando
258 810 318 853 non
333 800 466 854 senatum
479 792 568 853 modo
582 792 635 852 sed
650 793 737 853 etiam
753 808 893 869 augures,
918 789 995 871 quod
1008 790 1085 851 dicta·

144 883 240 936 torem
253 875 474 954 prohibuissent
483 878 601 937 comitia
615 877 768 955 perlicere,
784 893 840 955 per
849 876 988 937 invidiam
999 890 1085 953 comm

116 958 274 1020 elaeonem
299 960 453 1020 candidato
478 978 530 1021 suo
553 959 739 1021 conciliabat:
765 958 803 1020 ab
822 959 994 1021 hominibus
1015 956 1085 1019 nobi·

145 1042 221 1103 libus
244 1060 300 1123 per
321 1043 428 1104 multos
442 1061 535 1104 annos
555 1042 665 1105 bellum
685 1042 896 1125 quaerentibus
909 1041 1086 1105 Hannibalem

143 1128 176 1186 in
199 1125 311 1186 ltaliam
333 1124 506 1203 adductum
533 1126 572 1187 ab
591 1126 699 1198 isdem,
733 1144 799 1188 cum
827 1126 971 1189 debellari
1001 1124 1085 1206 possit
1140 1128 1141 1139 ¹

116 1208 247 1270 dicanda
272 1208 382 1270 bellum
408 1210 495 1270 trabi.
533 1228 600 1271 cum
630 1217 769 1291 quattuor
801 1208 915 1292 [milia]
941 1208 1086 1288 legionibus

144 1293 288 1354 universis
318 1297 444 1372 pugnari
476 1311 563 1373 posse
584 1296 768 1374 apparuisset
796 1312 848 1366 eo,
888 1293 969 1374 quod
992 1294 1027 1354 li.
1045 1291 1086 1353 lli·
1141 1305 1142 1312 ³

116 1377 248 1437 caucius
268 1375 390 1439 absente
410 1377 501 1439 Fabio
520 1396 663 1457 prospere
683 1385 857 1457 pugnasset,
880 1378 956 1441 duas
973 1376 1086 1454 legiones
1140 1434 1141 1437 ,

144 1460 221 1520 hosti
236 1459 274 1522 ad
294 1461 413 1522 caedem
431 1460 574 1539 obiectas,
598 1461 705 1523 deinde
727 1479 764 1522 cx
785 1463 849 1541 ipsa
864 1461 958 1523 caede
979 1465 1085 1539 ereptae
1140 1472 1141 1475 ’

120 1546 123 1553 ’
144 1553 178 1605 ut
191 1551 275 1623 pater
289 1553 491 1626 patronusque
503 1545 715 1627 appellaretur,
733 1546 783 1626 qen
799 1547 881 1624 prius
896 1547 1014 1608 vincere
1031 1558 1085 1622 pro·

117 1627 289 1690 abnuisset
304 1630 453 1690 Romanos
468 1648 556 1709 quam
571 1631 657 1704 vinci.
691 1628 827 1690 consules
845 1628 955 1691 deinde
969 1624 1085 1689 Fabianis

146 1711 272 1779 artibus,
290 1730 357 1773 cum
368 1712 516 1774 debellare
527 1720 656 1792 possent,
672 1711 781 1773 bellum
795 1714 932 1774 traxisse.
962 1712 990 1774 id
1001 1708 1085 1772 loedua

147 1795 224 1854 inter
241 1813 343 1856 omncs
360 1795 467 1856 nobilis
479 1797 580 1868 ictum,
597 1814 653 1858 nec
667 1797 756 1857 linem
772 1804 840 1857 ante
854 1795 928 1859 belli
944 1795 1084 1858 habitune
1141 1859 1142 1864 ,

145 1895 233 1956 quam
255 1877 404 1939 consulem
426 1897 495 1940 vere
514 1878 676 1959 plebeium,
704 1879 735 1940 id
759 1889 804 1940 est
820 1880 974 1941 hominem
987 1891 1085 1941 nonum,

117 1959 297 2021 eiecissent:
317 1977 386 2020 uam
405 1960 538 2040 plebeios
557 1963 671 2024 nobiles
690 1964 749 2024 iam
768 1962 879 2025 eisdem
894 1964 1021 2025 initiatos
1035 1973 1085 2019 cess
1141 2007 1142 2016 ι

144 2046 237 2103 sacris
261 2053 292 2105 et
310 2050 500 2106 contemnere
520 2044 651 2125 plebem,
675 2066 711 2106 ex
728 2065 786 2126 quo
807 2049 959 2109 contemni
973 2041 1084 2125 patribus
1140 2068 1141 2085 ι

120 2126 306 2200 adnuerint,
328 2129 468 2206 coepisse.
504 2131 552 2191 cui
571 2146 631 2189 non
652 2127 713 2210 [id]
738 2148 882 2209 apparere
903 2131 935 2191 id
958 2137 1046 2191 actum
1063 2130 1084 2183 ti
1141 2185 1142 2192 ,

145 2214 310 2289 quaesitum
332 2229 411 2281 esse,
434 2220 468 2272 ut
491 2213 694 2292 interregnum
712 2215 851 2285 iniretur,
878 2222 913 2275 ut
933 2216 964 2275 in
986 2220 1083 2293 patron
1141 2281 1142 2296 χ

105 2299 137 2350 10
146 2303 290 2373 potestate
301 2297 419 2358 comitia
432 2297 548 2358 essem?
577 2296 608 2358 id
622 2295 758 2357 consules
772 2296 876 2359 ambos
889 2297 927 2359 ad
942 2295 1082 2358 exercitum
1141 2343 1142 2384 ἒ

145 2379 289 2440 morando
301 2381 461 2459 quaesisse3
477 2380 507 2442 id
521 2389 637 2460 postea,
654 2382 721 2459 quia
732 2382 830 2443 inritis
841 2382 877 2442 lis
890 2381 1013 2443 dictator
1023 2380 1083 2438 assei
1141 2427 1142 2430 ,

147 2462 242 2523 dictus
256 2463 443 2524 comitiorum
468 2482 570 2535 causa,
593 2472 791 2542 expugnatum
817 2483 896 2535 csse,
924 2473 958 2526 ut
983 2463 1081 2523 nuens
1140 2504 1141 2513 ,

104 2549 133 2602 11
147 2546 272 2608 dictator
281 2564 471 2629 peraugrnes
480 2548 572 2610 lieret.
592 2547 703 2607 habere
716 2548 806 2626 igitur
820 2549 1020 2627 interregnum
1030 2554 1080 2603 eos·

147 2630 329 2694 consulatum
347 2649 439 2692 unum
453 2640 533 2694 certe
544 2630 639 2712 plebis
656 2631 806 2693 Romanae
818 2649 898 2703 esse,
917 2639 948 2692 et
962 2624 1081 2710 populum

146 2713 271 2775 liberum
295 2714 464 2776 habiturum
489 2734 525 2776 ac
551 2714 686 2777 daturum
709 2716 752 2786 ei,
779 2716 830 2794 qul
849 2722 964 2777 mature
984 2713 1080 2772 vincere
1140 2730 1141 2735 ¹

124 2810 129 2831 ³
147 2797 301 2876 quamdiu
314 2799 462 2877 imperare
477 2798 567 2860 malit.

121 2834 133 2939 l
208 2879 320 2941 XXXV.
353 2881 424 2944 Cum
438 2883 486 2943 bis
499 2882 681 2943 orationibus
694 2901 819 2945 accensa
833 2883 918 2962 plebs
935 2887 1021 2947 esset,
1040 2873 1079 2934 tri·

81 2910 202 3025 b‘gus
216 2964 347 3042 patriciis
362 2964 545 3043 petentibus,
566 2966 599 3026 P.
619 2966 755 3028 Cornelio
779 2967 919 3029 Merenda
940 2966 973 3028 L.
991 2955 1078 3047 Manlii
1141 2963 1142 2970 ’

118 3046 272 3109 2Volsone
294 3047 332 3109 ll.
353 3048 475 3109 Aemilio
498 3049 623 3129 Lepido,
645 3050 759 3112 duobus
777 3050 924 3114 nobilibus
942 3051 999 3109 iam
1012 3044 1077 3103 lam·

146 3131 252 3196 liarum
269 3130 381 3211 plebei,
404 3133 435 3194 C.
452 3133 538 3194 Atilio
555 3134 683 3194 Serrano
701 3144 731 3195 et
746 3135 780 3207 Q.
798 3135 880 3197 Aelio
895 3133 996 3201 Paeto,
1021 3138 1077 3204 qut

147 3230 213 3271 rum
228 3214 302 3275 alter
316 3217 462 3293 pontifex,
479 3216 554 3277 alter
568 3234 662 3296 augur
680 3225 757 3289 crat,
779 3219 809 3281 C.
826 3219 979 3280 Terentius
994 3197 1077 3272 consul

146 3311 223 3354 nnus
246 3305 376 3368 creatur,
399 3308 432 3361 ut
452 3302 484 3360 in
504 3318 594 3361 manu
616 3300 678 3361 eius
705 3311 804 3364 essent
830 3302 945 3364 comitia
965 3285 1075 3382 rogauit

119 3372 297 3452 aconiegae.
334 3388 397 3443 tum
418 3391 538 3463 experta
558 3383 694 3445 nobilitas
711 3403 816 3463 parum
838 3386 925 3448 inissa
945 3380 1039 3442 urium
1051 3381 1074 3426 ¹1¹

149 3459 379 3532 conpetitoribus
401 3467 477 3536 eius,
503 3466 541 3528 L.
558 3466 712 3529 Aemilium
733 3467 870 3540 Paulum,
895 3467 944 3547 qui
968 3477 1027 3524 cum
1044 3449 1074 3512 lb

31 3666 170 3876 k.
