2350 3922
180 204 241 268 286
352 219 446 263 nrenn
460 221 537 262 xxm.
554 219 622 262 oar.
638 209 682 263 27,
698 206 742 261 28.
758 200 797 286 [e.
809 220 840 262 n.
856 221 880 262 c.
891 196 951 280 537]

153 375 243 427 ntum
259 368 359 447 utique
379 367 526 429 inmodice
542 368 765 447 inmodesteque
788 385 848 428 non
861 364 1015 429 Hannibale
1033 365 1107 443 magis

152 451 255 510 arieto
270 450 306 511 ab
319 468 351 512 se
366 469 453 532 quam
469 449 503 521 Q.
521 452 611 513 Fabio
630 451 764 531 gloriaris
780 450 862 512 illum
876 452 907 511 in
921 449 1005 511 rebus
1018 450 1108 526 asperis

180 534 299 595 unicum
319 535 425 596 ducem
446 553 480 595 ac
501 554 603 614 param
624 537 787 614 quaesitum
805 533 972 604 Hannibali,
991 534 1107 593 maiorem

180 618 302 689 minori,
317 619 489 680 dictatorem
502 621 642 698 magistro
654 622 801 698 equitnm,
818 618 896 698 quod
908 616 984 679 nulla
992 615 1107 678 memoria

181 701 288 763 habeat
304 702 467 769 annalium,
490 705 571 763 iussn
595 702 697 783 populi
717 710 871 782 aequatum
891 704 922 761 in
942 700 1038 762 eadem
1057 698 1107 759 ciii·

179 793 253 857 tete,
275 788 307 846 in
323 805 380 866 qua
396 787 529 864 magistri
545 788 675 866 equitum
696 788 793 865 virgas
807 804 841 847 ac
856 803 974 847 secures
987 781 1109 846 dictatoris

153 877 311 931 etremere
326 878 412 949 atque
427 870 555 932 horrere
570 869 648 932 soliti
664 872 735 931 sint:
748 878 863 932 tantum
872 887 955 932 snam
969 867 1108 954 felicitatem

180 955 376 1034 virtutemque
387 954 535 1015 enituisse.
569 970 639 1032 ergo
655 962 825 1015 secuturum
836 971 869 1014 se
883 954 1028 1015 fortunam
1041 966 1107 1016 suaet

179 1038 205 1096 si
219 1037 344 1098 dictator
358 1038 389 1096 in
405 1039 591 1098 cunctatione
605 1056 640 1098 ac
654 1039 778 1117 segnitie
790 1037 915 1099 deorum
929 1037 1108 1111 hominumque

152 1120 287 1181 oiudieio
300 1120 435 1180 damnata
446 1128 601 1198 perstaret.
624 1123 722 1201 itaque
734 1141 791 1201 quo
803 1122 850 1182 die
860 1124 990 1201 primum
1000 1133 1109 1196 congres-

179 1220 229 1262 sus
251 1211 296 1263 est
317 1221 384 1265 cum
405 1203 442 1273 Q.
456 1204 563 1274 Fabio,
586 1206 773 1267 statuendum
796 1207 929 1266 omnium
950 1206 1070 1284 primum¹
1084 1200 1110 1259 ali

72 1354 75 1358 ¹
153 1292 260 1357 nesse,
282 1304 369 1365 quem
385 1287 421 1347 ad
438 1288 558 1349 modum
573 1290 699 1367 imperio
713 1298 837 1368 aequato
851 1296 987 1350 utantur:
1007 1305 1036 1348 se
1048 1290 1108 1364 optu-

179 1387 260 1431 mum
276 1370 399 1440 ducere,
416 1379 465 1432 aut
479 1371 582 1434 diebus
599 1371 719 1434 alternis
737 1383 800 1443 aut,
821 1374 847 1433 si
863 1374 977 1434 maiora
989 1364 1108 1433 intervalla

179 1453 346 1534 placerent,
374 1457 489 1535 partitis
510 1455 693 1536 temporibus
713 1456 833 1518 alterius
853 1475 1002 1518 summum
1020 1457 1059 1515 ius
1073 1452 1108 1510 in·

152 1544 168 1594 7
181 1539 355 1618 periumque
367 1558 445 1610 esse,
463 1546 496 1601 ut
512 1558 566 1619 par
579 1540 658 1600 hosti
674 1557 733 1601 non
746 1540 869 1602 oonsilio
883 1541 995 1611 solum,
1010 1537 1055 1600 sed
1064 1533 1108 1594 viil·

179 1621 235 1683 bus
249 1624 337 1683 etiam
357 1631 450 1692 esset,
470 1626 597 1703 siquam
615 1626 799 1685 occasionem
820 1626 865 1684 rei
885 1623 1032 1703 gerendae
1044 1617 1108 1681 habu·

152 1706 260 1766 8isset.
292 1707 326 1777 Q.
338 1707 429 1769 Fabio
440 1706 666 1787 haudquaquam
676 1707 707 1767 id
723 1707 857 1787 plaeere:
874 1710 977 1770 omnia
988 1707 1058 1768 enim
1069 1701 1109 1762 lot·

180 1796 282 1850 tunam
293 1790 438 1860 habitura,
452 1809 667 1871 quamcumque
677 1793 828 1854 temeritas
835 1791 978 1872 conlegae
984 1788 1108 1852 habuere

179 1871 234 1932 sibi
260 1876 508 1937 communicatum
528 1892 595 1935 cum
617 1874 689 1946 alio,
712 1894 773 1936 non
793 1876 965 1956 ademptum
984 1871 1108 1955 imperim

153 1961 171 2012 9
182 1971 261 2014 esse:
281 1956 379 2034 itaque
391 1975 423 2017 se
430 1975 591 2037 numquam
598 1957 743 2020 volentem
751 1966 842 2040 parte,
855 1978 916 2040 qua
921 1967 1026 2041 posset,
1037 1967 1109 2017 rerum

180 2036 302 2099 consilio
314 2041 512 2116 gerendarum
521 2059 689 2112 cessurum,
702 2060 758 2103 nec
768 2061 800 2105 se
811 2052 948 2123 tempora
961 2051 1009 2104 aut
1014 2042 1066 2100 dies
1074 2038 1109 2096 in·

179 2123 256 2202 perii
284 2141 351 2183 cum
378 2142 425 2194 eo,
458 2126 620 2186 exercitum
646 2125 822 2198 divisurum,
852 2129 974 2208 suisque
1004 2119 1109 2186 consiliii

141 2212 172 2265 10
183 2208 321 2286 quomam
333 2209 431 2268 omnia
448 2226 508 2269 non
521 2208 638 2281 liceret,
655 2227 730 2289 quae
744 2218 858 2289 posset,
877 2218 1063 2272 servaturum.
1083 2204 1109 2260 iii

182 2292 321 2369 optinuit,
337 2298 370 2351 ut
385 2291 530 2371 legiones,
548 2295 627 2355 sicut
641 2293 811 2355 consulibus
825 2312 891 2356 mos
908 2303 1000 2366 esset,
1017 2295 1110 2380 interit
1144 2319 1145 2326 ,

181 2374 354 2435 dividerent.
399 2377 494 2456 prima
516 2385 546 2437 et
566 2383 670 2457 quarta
687 2377 831 2449 Minucio,
854 2378 987 2441 secunda
1007 2383 1035 2437 et
1050 2375 1109 2431 terili

139 2463 169 2514 11
183 2456 274 2517 Fabio
290 2468 466 2529 evenerunt:
487 2461 559 2521 item
575 2462 688 2540 equites
702 2462 767 2539 pari
785 2480 912 2523 numero
926 2454 1110 2537 sociumque*

179 2541 275 2602 Latini
297 2543 424 2604 nominis
443 2544 550 2605 auxilia
570 2544 738 2606 diviserunt.
780 2547 884 2607 castris
904 2561 1021 2627 quoque
1040 2557 1066 2601 se
1078 2552 1108 2597 st·

179 2627 279 2705 parari
294 2628 434 2704 magister
448 2629 579 2707 equitum
590 2627 689 2689 voluit.

153 2715 166 2766 1
240 2710 365 2771 XXVlIl.
396 2711 509 2791 Duplex
523 2711 592 2773 inde
603 2711 760 2773 Hannibali
770 2713 908 2790 gaudium
925 2713 983 2775 init
996 2745 1029 2758 -
1040 2715 1108 2782 nepti

181 2793 259 2851 enim
274 2795 429 2873 quicquam
445 2813 563 2865 eorum,
581 2814 655 2875 quae
670 2796 748 2874 apud
762 2795 862 2858 hostes
876 2803 1045 2876 agerentur,
1062 2797 1108 2848 eun

180 2873 301 2934 labebat
321 2883 351 2936 et
373 2877 505 2956 perfugis
526 2878 617 2939 multa
642 2879 840 2941 indicantibus
861 2888 891 2941 et
915 2899 973 2960 per
998 2885 1108 2939 suosc1‘

152 2956 345 3039 eplorantem
366 2982 418 3020 -ι
434 2979 503 3021 nam
519 2969 549 3022 et
562 2960 684 3025 liberam
701 2964 809 3025 lilinuci
828 2966 1024 3029 temeritatem
1036 2975 1062 3018 se
1072 2964 1106 3013 ⁸¹¹⁰

179 3042 268 3104 modo
282 3050 466 3122 captaturum
482 3052 512 3106 et
531 3044 678 3109 sollertia-e
691 3046 774 3109 Fabii
794 3047 947 3108 dimidium
968 3047 1062 3108 urium
1074 3034 1107 3095 li·

154 3134 170 3184 3
183 3128 314 3188 cessisse.
347 3128 476 3190 tumulus
491 3136 555 3190 erat
576 3131 655 3192 inter
673 3139 769 3192 castra
783 3132 902 3193 Minucii
917 3139 948 3192 et
961 3132 1106 3207 Pomorum:

180 3229 267 3287 quem
289 3213 340 3292 qui
356 3222 542 3293 occupasset,
569 3214 647 3275 band
667 3214 757 3277 dubia
779 3217 957 3296 iniquiorem
977 3218 1037 3276 erat
1052 3203 1108 3300 ipsi

151 3291 276 3353 elocum
303 3295 442 3358 lauturus.
487 3316 554 3358 eum
579 3316 639 3359 non
670 3305 730 3359 tam
757 3317 864 3379 capere
889 3301 954 3360 sine
978 3295 1107 3358 certatuml

180 3372 297 3436 volebat
319 3379 481 3451 Hannibal,
511 3400 687 3461 quamquam
715 3383 746 3442 id
763 3388 882 3463 'operae
909 3370 1105 3462 pronomini

182 3473 269 3532 qnam
283 3475 400 3521 causam
412 3466 580 3527 certaminis
589 3482 655 3526 eum
667 3467 809 3538 blinucio,
826 3485 911 3548 quem
924 3460 1105 3545 procursurum
