2280 3926
162 219 222 281 106
348 231 442 274 crena
456 232 499 275 rx.
515 231 583 274 oar.
600 216 644 272 12.
660 218 702 270 13.
718 208 760 292 [e.
774 234 804 274 n.
820 233 847 273 e.
862 207 923 292 434]

133 383 240 450 tnuit3
255 379 306 441 lux
318 397 436 460 pugnae
457 380 574 440 initium
595 377 665 450 init,
689 396 778 460 quam
792 376 967 459 aliquamdiu
980 393 1094 456 aequam,

160 473 192 526 et
204 464 272 543 quia
286 482 341 545 pro
357 466 416 525 aris
431 482 465 525 ac
479 464 553 524 iocis
567 461 776 535 dimicabatur,
793 470 823 523 et
836 464 903 543 quia
915 480 950 523 ex
962 463 1041 522 tectis
1054 459 1095 524 ad·

160 546 279 610 iuvabat
289 546 405 609 inbellis
420 547 590 618 multitudo,
606 556 705 608 nmen
719 544 887 626 Fregellani
903 546 1095 608 sustinuerunt
1136 576 1137 653 q

132 632 243 694 tirars
258 631 440 694 deluderem
453 630 619 702 inclinarit,
636 631 715 711 quod
725 648 828 694 vocem
849 630 945 693 audiri
960 629 1096 710 praeconis
1136 656 1137 721 q

160 717 241 797 passi
255 722 324 777 sunt
337 715 517 778 ineolumem
540 714 705 787 abiturum,
726 717 778 795 qui
800 732 883 777 arma
896 715 1043 795 posuisset.
1070 729 1096 772 ea

161 818 229 881 spes
250 800 364 862 remisit
383 818 401 861 a
421 801 582 861 certamine
598 798 726 871 animos,
745 806 775 860 et
788 800 898 878 passim
918 816 998 860 arma
1012 795 1097 858 iaetni

131 889 274 965 tcoepta.
303 885 483 964 pertinacior
493 900 563 963 pars
577 891 689 945 armata
704 901 760 964 per
774 900 906 946 aversam
920 889 1030 964 portam
1043 897 1096 940 eru·

159 970 204 1049 pit
216 968 425 1048 tutiorqueeis
436 967 557 1029 audacia
571 966 627 1029 iuit
637 985 725 1049 quam
740 969 877 1030 incautus
890 967 926 1029 ad
938 963 1096 1043 credendum

119 1086 122 1091 ·
160 1053 267 1113 ceteris
287 1068 393 1131 pavor,
418 1069 493 1132 quos
520 1051 718 1113 circumdatos
743 1051 821 1131 igni,
849 1052 1023 1133 nequiquam
1042 1048 1097 1109 deos

1 1147 2 1162 ³
159 1135 307 1214 iidemque
322 1136 505 1206 invocantes,
522 1135 668 1197 Samnites
683 1142 957 1197 concremaverunt

1 1217 3 1246 i
129 1222 147 1276 9
221 1217 363 1280 Consules
377 1219 457 1279 inter
471 1236 504 1280 se
517 1221 621 1299 partiti
641 1221 822 1300 provincias,
843 1216 1096 1299 Papiriusinipn·

157 1299 228 1363 liam
243 1301 281 1363 ad
300 1301 456 1364 Luceriam
471 1305 583 1382 pergit,
603 1301 655 1364 ubi
673 1305 787 1384 equites
802 1302 931 1365 Romani
951 1300 1059 1365 obsides
1070 1295 1097 1358 ad

1 1445 2 1462 1
159 1385 301 1448 Gaudium
315 1384 377 1447 doti
387 1385 642 1458 custodiebantur,
656 1386 801 1449 Publilius
811 1388 843 1448 in
858 1388 981 1449 Samnm
991 1382 1098 1447 substiti

1 1537 2 1552 ξ
117 1469 299 1531 ltadversus
313 1469 458 1532 Caudinas
481 1469 621 1549 legiones.
661 1469 801 1534 distendit
824 1489 859 1533 ea
880 1490 931 1533 res
945 1468 1096 1533 Samnitium

156 1554 287 1625 animos,
305 1553 385 1633 quod
400 1571 456 1614 nec
476 1553 513 1614 ad
526 1555 683 1616 Luceriam
700 1557 761 1625 ire,
784 1572 824 1616 ne
843 1554 884 1618 ab
898 1563 983 1635 tergo
995 1553 1098 1615 instnret

1 1681 2 1704 2
155 1637 489 1709 hostis,neemanere,
505 1656 543 1698 ne
559 1638 683 1700 Luceria
698 1640 817 1700 interim
830 1633 1097 1706 amitteretur‚satis

1 1727 3 1782 ἱ
119 1725 145 1782 ,1
156 1720 313 1783 audebant.
341 1723 485 1801 optimum
495 1722 590 1783 visum
605 1730 649 1782 est
663 1724 848 1784 committere
861 1741 929 1785 rem
943 1724 1067 1785 fortunae
1077 1725 1098 1776 et

156 1805 321 1882 transigere
334 1822 402 1866 eum
418 1803 544 1867 Pubiilio
555 1813 715 1867 certamen.
745 1808 845 1886 itaque
858 1807 893 1868 in
911 1808 1003 1870 aciem
1017 1802 1097 1882 copias

127 1887 293 1948 ledueunt.
336 1887 412 1950 Xlli.
445 1888 592 1950 Adversus
615 1906 688 1970 quos
702 1889 845 1951 Publilius
865 1890 974 1953 consul
990 1906 1050 1951 cum
1065 1883 1096 1944 dl·

154 1970 316 2032 minaturus
326 1977 416 2040 esset,
431 1973 515 2052 prius
526 1971 726 2053 adloquendos
737 1974 844 2035 milites
855 1984 941 2038 ratus
952 1975 1098 2037 contionem

155 2053 291 2116 advocari
314 2056 407 2116 iussit.
441 2063 574 2118 ceterum
594 2058 670 2118 sicut
682 2058 795 2136 ingenti
811 2057 966 2122 alacritate
982 2056 1017 2120 od
1029 2069 1097 2135 prat·

154 2139 265 2200 torium
282 2155 460 2200 concursum
481 2146 540 2211 cst,
558 2141 598 2201 ita
621 2158 694 2220 prae
712 2141 841 2203 elamore
860 2142 1045 2223 poscentium
1057 2152 1098 2217 pu·

125 2229 242 2299 tgnam
255 2219 335 2284 nulla
350 2220 517 2285 adhortatio
531 2224 719 2304 imperatoris
735 2224 833 2288 andita
847 2234 910 2289 est:
925 2244 998 2290 suus
1012 2223 1098 2299 cuique

153 2307 269 2366 animus
288 2322 404 2366 memor
416 2307 596 2384 ignominiae
612 2307 785 2370 adhortator
797 2310 912 2373 aderat.
941 2309 1047 2372 radunt
1057 2302 1098 2380 iti·

152 2393 202 2447 tur
216 2389 249 2448 in
262 2388 409 2466 proelium
425 2398 567 2468 urgentes
583 2391 756 2470 signiieros,
781 2400 826 2464 et,
847 2411 888 2454 ne
901 2413 989 2456 mora
1001 2394 1031 2455 in
1043 2403 1098 2450 eou-

153 2487 243 2532 cursu
262 2469 331 2551 pilis
354 2473 523 2535 emittendis
544 2474 783 2556 stringendisque
803 2476 874 2539 inde
903 2477 1011 2557 gladiis
1029 2474 1098 2536 esc

151 2552 211 2633 pila
238 2553 318 2616 reiut
342 2555 410 2618 dato
436 2556 474 2619 ad
498 2558 529 2621 id
553 2560 637 2638 signo
663 2557 796 2621 abiciunt
817 2563 991 2643 strictisque
1012 2553 1098 2638 gladii

122 2645 240 2701 tcursn
258 2641 292 2701 in
312 2640 428 2702 bostem
447 2642 593 2704 feruntur.
630 2641 704 2704 nihii
726 2642 787 2704 iilic
815 2645 1026 2725 imperatorne
1044 2636 1097 2702 ariis

151 2722 306 2784 ordinibus
325 2731 376 2785 ant
396 2723 536 2788 subsidiis
558 2726 691 2788 locandis
704 2726 774 2798 iuit;
800 2729 901 2790 omnia
915 2731 963 2791 ira
983 2720 1098 2791 militarit

120 2812 243 2885 iprope
265 2822 373 2866 vesano
392 2809 505 2886 impetu
526 2811 594 2888 egit.
625 2811 725 2891 itaque
747 2829 808 2873 non
827 2810 885 2873 iusi
905 2812 997 2874 modo
1017 2810 1098 2871 tosus

149 2896 233 2958 sunt,
248 2887 301 2948 sed
316 2905 354 2949 ne
365 2891 469 2951 cestris
484 2893 604 2972 quidem
617 2896 679 2956 suis
695 2895 796 2975 lugam
809 2895 949 2976 inpedire
964 2893 1099 2969 ausitpu·
1137 2878 1139 2983 J

151 2970 222 3032 liam
238 2972 371 3053 dissipati
387 2976 516 3053 petiere:
537 2977 693 3040 Luceriam
713 2986 813 3041 tamen
834 2988 939 3042 coacto
963 2971 1098 3041 mrsusiss
1137 3004 1139 3045 t

119 3067 241 3120 dunum
258 3058 376 3155 agmine
391 3066 436 3159 est
454 3069 638 3140 perventum.
674 3062 824 3124 Romanos
838 3066 882 3125 ira
900 3063 1023 3133 eadem,
1038 3069 1098 3154 quit
1137 3068 1139 3153 J

145 3139 1099 3312 ttfpttttttittitttttittttitttt?cdii

146 3324 203 3386 quc
218 3325 288 3387 pars
300 3312 395 3374 maior
407 3314 453 3375 ira
470 3322 619 3394 corrupta.
1022 3346 1024 3349 ·

3 3462 51 3475 ἧι
116 3396 134 3449 t
208 3390 362 3459 Exercitus
385 3396 460 3458 alter
476 3416 544 3460 eum
566 3398 685 3478 Papirio
709 3398 831 3462 consule
851 3398 929 3461 locis
951 3397 1028 3460 mari

144 3484 320 3555 pervenerat
331 3479 428 3558 Arpos
443 3485 611 3560 peremnia
633 3490 737 3563 pacata
752 3484 931 3559 Samnitium
949 3481 1044 3559 magis
1056 3475 1094 3535 iu·

1135 990 1137 1013 t

1135 1026 1137 1057 i
