2396 3920
152 225 191 285 14
329 233 423 277 araas
437 233 494 278 vn.
518 233 588 276 oar.
604 220 645 272 13.
662 220 703 275 14.
723 209 762 293 [a.
777 215 809 276 u'.
825 233 851 275 e.
867 209 929 294 dud]

150 385 251 446 hostes
262 382 339 444 haud
351 398 437 443 secus
447 399 535 461 quam
545 380 669 442 feminas
682 378 796 441 abditos
809 378 886 439 intra
897 374 1004 439 vallum
1014 379 1113 443 omui·

150 468 206 528 bus
229 464 414 528 contumeliis
433 463 569 536 eludunt,
591 471 621 524 et
647 471 678 525 tu
701 463 863 543 imperator
885 468 1000 532 noster,
1030 461 1112 541 quod

150 550 267 628 aegrius
281 551 424 635 patimur,
441 549 702 610 exercitumtuum
718 547 782 607 sbre
794 545 913 614 animis,
928 546 993 606 stuc
1007 545 1112 613 armis,

151 637 215 697 sina
229 632 365 695 manibus
376 631 487 693 iudicas
499 648 563 693 esse
573 638 612 702 et,
623 633 798 710 priusquam·
806 645 944 708 expertus
954 645 1009 691 nos
1021 645 1113 698 esses,
1173 643 1176 649 ·
1192 700 1193 705 γ

152 719 188 779 de
200 716 286 778 nobis
299 718 339 777 ita
349 715 520 797 desperasti,
535 721 568 776 ut
579 721 608 775 te
622 730 793 776 mancorum
805 730 840 775 ac
851 709 991 774 debilium
1003 711 1114 774 ducem
1191 720 1193 725 ’

119 809 135 863 t
150 800 297 862 iudicares
311 817 384 861 esse.
412 798 482 879 qnid
496 799 577 859 enim
587 797 666 860 aliud
677 815 742 860 esse
755 814 861 859 causae
871 795 1041 866 credamus,
1058 810 1115 857 cur

152 892 307 947 veteranus
320 883 393 954 dux,
417 882 592 943 fortissimus
609 880 702 952 bello,
725 880 907 961 conpressis,
922 878 1001 961 quod
1019 881 1113 950 aium,
1177 890 1183 899 ·

151 968 288 1031 manibus
298 966 420 1029 sedeasi
434 971 592 1045 utcumque
606 967 685 1027 enim
696 982 729 1026 se
739 964 828 1026 habet
838 981 901 1034 res,
917 970 947 1024 te
962 959 998 1024 de
1010 971 1114 1027 nostra

119 1060 137 1114 8
153 1055 258 1125 virtute
273 1050 422 1111 dubitasse
441 1048 535 1110 videri
559 1067 647 1128 quam
669 1066 725 1110 nos
740 1049 776 1110 de
798 1057 847 1109 tua
862 1048 960 1109 verina
982 1054 1035 1108 est.
1065 1047 1113 1109 sin

153 1142 250 1196 autem
262 1150 322 1197 non
334 1142 418 1196 tuum
429 1134 519 1202 istuc,
531 1132 582 1195 sed
597 1132 748 1213 publicum
760 1140 805 1194 est
816 1129 986 1201 consilium,
1000 1137 1029 1191 et
1039 1147 1113 1190 con·

151 1236 257 1280 sensus
272 1217 360 1298 aliqui
375 1223 509 1297 patrum,
530 1234 590 1277 non
607 1215 750 1279 Gallicum
771 1214 883 1277 bellum
901 1231 955 1275 nos
972 1212 1009 1275 ab
1025 1213 1113 1288 urbe,

152 1323 169 1364 a
184 1300 340 1383 penatibus
356 1303 465 1363 ansuis
483 1297 633 1378 ablegatos
648 1306 744 1369 tenet,
767 1317 890 1380 quaeso,
911 1306 944 1359 nt
964 1315 1014 1367 ea,
1037 1315 1114 1377 quae

153 1387 263 1456 dicam,
285 1403 345 1448 non
360 1404 379 1447 a
394 1381 537 1446 militibus
555 1384 729 1463 imperatori
754 1382 832 1445 dieta
853 1398 992 1451 censeas,
1016 1379 1072 1442 sed
1097 1398 1114 1442 a

149 1469 239 1551 plebe
250 1469 397 1550 patribus,
416 1485 491 1547 quae
506 1469 583 1529 sieut
596 1483 649 1527 vos
660 1474 755 1528 vestra
768 1465 902 1528 babeatis
916 1462 1052 1535 comba,
1070 1465 1114 1525 sio

120 1562 138 1615 t)
153 1573 185 1617 se
201 1572 254 1617 sua
268 1553 436 1615 babituram
451 1551 537 1614 dieat.
573 1553 638 1630 quis
656 1549 776 1612 tandem
796 1555 981 1619 suscenseat,
1003 1547 1114 1611 milites

153 1657 208 1699 nos
226 1656 306 1708 esse,
323 1655 384 1697 non
399 1654 500 1698 servos
513 1642 640 1705 vestros,
662 1634 699 1694 ad
716 1631 840 1704 bellum,
863 1649 924 1694 non
942 1633 975 1692 in
992 1630 1114 1693 exilium

152 1722 271 1788 missos;
303 1722 328 1780 si
345 1720 411 1799 quis
428 1718 478 1779 det
492 1720 623 1795 signum,
644 1719 676 1776 in
690 1718 783 1779 aciem
798 1716 918 1787 educat,
944 1722 979 1777 ut
993 1715 1065 1776 ritis
1079 1732 1115 1776 ac

151 1803 292 1864 Romanis
308 1801 430 1879 dignum
444 1802 495 1871 sit,
517 1805 714 1879 pugnaturum
737 1801 763 1860 si
778 1798 852 1861 nihil
866 1800 956 1861 armis
976 1816 1052 1878 opus
1066 1799 1114 1868 sit,

152 1887 244 1946 otium
260 1884 371 1946 Romae
389 1884 487 1963 potius
508 1900 595 1962 quam
614 1884 765 1944 incastris
783 1891 909 1946 acturos.
942 1882 1018 1943 haec
1037 1882 1114 1943 diota

111 1977 145 2028 10
153 1971 211 2030 sint
226 1967 374 2049 patribus:
404 1974 448 2036 te,
464 1968 640 2045 imperator,
657 1965 765 2028 milites
780 1968 821 2027 tui
835 1983 968 2038 oramus,
984 1972 1018 2027 ut
1029 1965 1115 2027 nobis

151 2051 303 2132 pugnandi
324 2051 438 2130 copiam
458 2049 557 2111 iacias.
593 2067 661 2111 cum
686 2051 806 2112 vincere
831 2052 970 2130 cupimus
993 2057 1059 2111 tum
1085 2056 1115 2110 te

153 2136 362 2204 ducerineere,
379 2132 433 2194 tibi
447 2131 578 2195 lauream
591 2134 739 2213 insignem
753 2132 881 2205 deferre,
898 2142 996 2194 tecum
1008 2135 1115 2194 trium

153 2220 279 2299 phantes
291 2216 397 2279 urbem
410 2217 502 2286 loire,
518 2223 603 2278 tuum
612 2225 769 2297 sequentes
784 2234 905 2279 currum
919 2216 995 2277 loris
1011 2217 1116 2296 optimi

112 2311 142 2361 ιι
154 2304 274 2364 maximi
288 2299 430 2380 templum
444 2306 594 2379 gratantes
607 2307 784 2379 orantesque
805 2300 918 2361 adire.“
948 2302 1116 2361 brunonem
1186 2292 1190 2359 j

153 2385 230 2447 Tulli
245 2392 425 2465 exceperunt
437 2401 542 2464 preces
556 2380 766 2452 multitudinis,
788 2391 818 2446 et
835 2383 980 2463 undique,
1001 2391 1036 2445 ut
1056 2383 1116 2461 sig·

152 2487 224 2531 num
241 2469 338 2541 daret,
353 2476 387 2529 ut
401 2485 507 2548 capere
522 2484 604 2529 arum
618 2465 748 2536 iuberet,
765 2466 939 2529 clamabant.
1188 2512 1189 2545 ;

121 2563 135 2614 1
213 2553 286 2616 XIV.
319 2553 450 2615 Dictator
467 2568 644 2632 quamquam
667 2567 731 2611 rem
751 2549 860 2612 bonam
881 2548 1017 2630 exemplo
1035 2550 1116 2612 haud

153 2635 299 2717 probabili
321 2643 415 2699 actam
437 2634 589 2705 censebat,
618 2641 717 2695 tamen
739 2633 885 2695 iacturum
905 2634 986 2713 quod
1006 2633 1117 2695 milites
1188 2640 1189 2699 i

152 2719 262 2779 vellent
275 2737 307 2779 se
321 2721 448 2798 recepit,
465 2717 653 2796 Tulliumque
668 2725 798 2787 secreto,
816 2735 960 2798 quaenam
976 2716 1052 2779 baec
1067 2735 1117 2779 res
1185 2758 1188 2775 .

122 2812 138 2859 2
155 2804 193 2862 sit
207 2807 257 2862 aut
271 2819 330 2880 quo
346 2809 410 2862 aeta
427 2818 525 2869 more,
541 2806 741 2879 percontatur.
773 2799 887 2863 Tullius
897 2818 1006 2879 magno
1023 2818 1117 2880 opere

153 2905 168 2947 a
184 2885 326 2946 dictatore
340 2891 457 2964 petere,
473 2900 511 2944 ne
524 2899 557 2945 se
571 2881 694 2944 oblitum
709 2883 881 2963 disciplinae
902 2883 1054 2956 militaris,
1078 2901 1119 2946 ne
1186 2942 1187 2969 q

102 3034 105 3039 ,
154 2969 199 3031 sui
231 2986 304 3029 neve
330 2967 536 3048 imperatoriae
562 2967 720 3028 maiestatis
747 2967 901 3030 crederet:
931 2966 1119 3029 multitudini
1184 3012 1188 3045 ‚2

154 3054 330 3121 concitatae,
351 3069 425 3131 quae
439 3051 533 3112 ferme
552 3050 721 3112 auctoribus
735 3050 842 3113 similis
858 3058 950 3121 esset,
967 3068 1029 3113 non
1044 3049 1118 3113 sub·
1181 3056 1188 3127 ‘p

153 3136 277 3197 traxisse
291 3152 323 3196 se
340 3133 462 3203 docem,
478 3150 516 3193 ne
531 3135 597 3212 qu1s
611 3133 699 3205 alius,
717 3134 812 3215 qualis
827 3143 907 3198 mota
922 3153 1027 3200 creare
1038 3133 1119 3197 mul·
1184 3192 1190 3211 ὅ

121 3226 137 3277 Β
151 3218 246 3279 titudo
261 3217 383 3288 soleret,
401 3216 549 3279 existeret.
572 3235 640 3278 nam
653 3235 686 3279 se
700 3218 819 3299 quidem
831 3217 905 3280 nihil
916 3236 978 3279 uon
989 3217 1119 3280 arbitrio
1189 3212 1190 3221 ’

152 3302 339 3379 imperatoris
353 3309 502 3370 acturum;
522 3300 566 3361 illi
581 3312 702 3381 'quoque
716 3309 815 3365 nmen
830 3300 989 3363 ridendum
1004 3320 1119 3381 magno

4 3439 90 3462 st„
151 3400 243 3463 opere
264 3401 342 3455 esse,
368 3393 401 3446 ut
421 3385 583 3448 exereitum
602 3386 635 3467 in
662 3392 806 3464 potestate
828 3384 963 3447 baberet.
1001 3385 1121 3448 dilierri

153 3483 214 3529 non
237 3483 323 3544 possa
343 3468 417 3530 adeo
439 3469 600 3532 concitatos
622 3469 749 3538 animos;
779 3469 860 3549 ipsos
879 3467 939 3530 sibi
957 3468 1059 3531 locum
1080 3487 1120 3531 ae
