2396 3920
303 242 407 286 mnan
420 240 476 282 vn.
493 239 562 283 ear.
582 228 607 281 a.
619 225 645 280 a.
666 216 705 299 [a.
720 221 755 282 0.
770 226 829 279 363.
844 216 907 301 362]
1075 227 1093 286 5

3 414 7 419 ⁴
127 391 234 453 rincula
256 390 376 460 ductis,
401 388 495 451 inrisa
515 394 595 457 erat,
617 396 646 447 et
660 393 727 447 ante
743 388 842 448 omnia
853 388 979 449 inrisum
999 387 1127 466 ipauma

123 477 275 556 ingenium
291 483 382 535 atrox
398 486 623 549 cognomenque
637 469 791 550 Imperiosi
816 488 904 550 grave
921 470 1034 533 liberae
1054 472 1094 530 ci·

121 561 202 622 vitati
219 559 258 621 ab
274 557 479 621 ostentatione
499 555 635 615 saevitiae
650 555 806 626 adscitum,
821 573 910 636 quam
925 573 985 617 non
1000 555 1095 632 magia

121 648 152 706 in
167 642 275 706 alienis
292 658 386 722 quam
404 640 438 700 in
451 638 595 718 proximis
615 655 648 699 ac
663 640 806 717 sanguine
823 641 888 719 lpse
902 658 955 702 auo
974 656 1094 701 exerce·

122 737 177 790 ret.
216 726 401 805 criminique
426 724 458 785 ei
473 721 611 783 tribunus
628 722 707 783 inter
728 728 828 783 cetera
845 722 948 794 dabat,
966 722 1045 804 quod
1061 723 1094 783 li·
1108 731 1127 782 4

122 813 194 873 lium
209 813 368 878 iuvenem,
387 804 497 867 nulllus
515 804 619 885 probri
634 813 822 885 conpertum,
847 815 996 869 extorrem
1009 804 1093 877 urbe,

125 896 225 966 domo,
241 891 418 974 penatibus,
436 889 519 960 loro,
538 889 620 961 luce,
637 906 798 969 congressu
812 889 977 970 aequalium
993 890 1094 969 prohi-

128 978 237 1048 bitum,
251 979 285 1038 in
300 991 380 1056 opua
397 972 518 1045 servile,
536 990 631 1053 prope
643 975 675 1034 in
690 990 842 1035 carcerem
862 980 950 1055 atque
963 973 995 1036 in
1010 989 1094 1052 erga·

127 1061 237 1123 mulum
252 1059 386 1129 dederit,
407 1055 461 1119 ubi
473 1070 589 1118 summo
605 1054 670 1119 loco
690 1065 775 1120 natus
790 1057 963 1121 dictatoriae
982 1057 1126 1120 iuventae

126 1145 277 1207 cotidiana
293 1143 414 1204 miseria
434 1140 564 1202 disceret
578 1158 647 1202 rere
663 1141 825 1222 Imperioso
842 1150 926 1222 patre
941 1160 974 1204 ae
993 1149 1095 1203 natum

127 1247 205 1290 ease.
245 1235 277 1288 at
290 1244 380 1306 quam
396 1223 436 1287 ob
450 1225 576 1285 noxami
598 1226 666 1304 quia
684 1224 872 1288 infacundior
891 1228 929 1289 sit
946 1234 976 1288 et
994 1225 1095 1305 lingua

127 1315 328 1392 inpromptus.
370 1308 449 1391 quod
469 1316 591 1370 naturae
617 1308 756 1372 damnum
781 1317 880 1371 uuum
904 1310 1127 1374 nutriendumo

127 1396 217 1476 patri,
232 1396 260 1454 si
275 1393 430 1474 quicquam
443 1393 477 1452 in
492 1410 528 1453 eo
541 1391 664 1454 humani
682 1401 774 1463 esset,
790 1411 828 1454 an
843 1394 1044 1473 castigandum
1060 1409 1095 1453 ac

129 1480 292 1539 uexatione
303 1477 416 1552 insigne
430 1474 599 1538 iaciendum
615 1477 724 1536 missal
745 1494 783 1536 ne
798 1484 894 1537 mutas
907 1476 1028 1556 quidem
1042 1474 1095 1536 be·

136 1562 212 1620 stiae
221 1559 321 1618 minus
332 1556 404 1619 alere
416 1577 450 1620 ac
465 1558 576 1630 lovere,
591 1560 617 1619 si
631 1557 750 1637 quidex
765 1559 910 1636 progenie
922 1575 974 1617 sua
990 1574 1095 1637 parum

132 1658 313 1725 prosperum
328 1642 376 1703 ait:
391 1649 421 1703 at
434 1641 557 1704 hercule
568 1642 601 1703 L.
609 1639 754 1704 'Manlium
769 1640 878 1701 malum
894 1639 972 1704 malo
986 1657 1095 1719 augere

129 1726 182 1790 tilii
199 1734 230 1788 ct
252 1724 417 1789 tarditatem
438 1727 550 1805 ingenii
568 1725 691 1806 insuper
697 1742 842 1870 premere
863 1733 906 1797 et,
927 1726 953 1787 ai
974 1725 1043 1807 quid
1063 1726 1095 1787 in

131 1830 167 1872 eo
184 1812 322 1890 exiguum
336 1808 479 1871 naturalia
493 1809 602 1888 rigoris
616 1809 667 1881 sit,
685 1809 696 1871 i
731 1809 918 1889 exstinguere
931 1811 989 1871 rita
1009 1827 1094 1889 agre-

132 1897 170 1956 sti
185 1903 214 1956 ct
232 1895 343 1956 notice
362 1890 443 1956 cultu
461 1895 541 1955 inter
560 1892 688 1972 pecudes
708 1893 855 1960 hahendo.
899 1895 932 1956 V.
956 1893 1094 1956 Omnium

128 1981 227 2060 potius
247 1979 294 2040 hia
318 1975 574 2039 crimlnatlonibua
596 1995 684 2058 quam
708 1979 800 2059 ipsius
824 1979 937 2041 iuventa
958 1978 1095 2039 inritatus

127 2073 172 2125 eat
193 2067 323 2126 animus:
347 2066 419 2145 quin
434 2071 537 2127 contra
558 2081 723 2144 aequoque
743 2068 860 2144 parenti
881 2083 1001 2127 causam
1021 2066 1123 2125 invi-a

125 2148 190 2210 diae
213 2157 304 2225 atque
319 2149 476 2209 criminum
494 2166 559 2210 esse
574 2164 662 2225 aegre
676 2167 789 2229 passus,
814 2158 846 2212 ut
861 2166 963 2210 omnes
978 2147 1018 2207 dii
1039 2147 1094 2208 ho-

125 2234 285 2309 minesque
308 2231 435 2302 seirent,
458 2249 491 2292 se
506 2234 622 2312 parenti
644 2250 730 2311 opem
747 2231 835 2294 latam
858 2249 945 2312 quam
967 2231 1096 2291 inimicis

126 2318 192 2377 eiua
213 2313 320 2384 malle,
344 2317 424 2393 capit
443 2314 600 2376 consilium
620 2317 702 2377 rudia
718 2316 838 2393 quidem
861 2324 949 2396 atque
971 2315 1095 2394 agrestis

125 2401 219 2460 animi
231 2406 263 2460 at
274 2414 451 2477 quamquam
462 2415 522 2469 non
539 2398 629 2460 cirilla
645 2399 780 2478 exempli,
796 2405 894 2460 tamen
909 2401 1020 2479 pietate
1031 2396 1095 2458 lau·

127 2481 236 2542 debile.
259 2480 455 2567 inscientibqp
475 2483 589 2544 cunctis
603 2481 699 2544 cultro
714 2485 882 2543 succinctus
899 2500 986 2543 mane
998 2483 1030 2542 in
1046 2486 1127 2542 ura

127 2564 195 2626 bem
219 2573 312 2644 atque
334 2581 351 2624 a
372 2566 459 2643 porta
480 2565 600 2627 domum
614 2565 772 2625 confestim
794 2563 831 2624 ad
845 2565 883 2624 Μ.
899 2564 1099 2642 Pomponium

126 2646 283 2709 tribunum
297 2649 410 2725 pergit3
432 2649 549 2710 ianitori
565 2665 639 2727 opus
654 2663 719 2707 esse
739 2644 797 2705 sibi
811 2645 931 2705 domino
946 2646 1009 2706 eius
1024 2661 1100 2706 con·

128 2739 215 2792 uento
239 2730 388 2810 extemplo
409 2733 464 2793 ait:
488 2733 653 2800 nuntiaret,
675 2729 775 2792 'litum
796 2729 937 2792 Manlium
953 2729 984 2792 L.
1002 2729 1099 2792 tilium
1129 2792 1133 2799 ,

128 2831 202 2876 esse.
234 2828 308 2875 mox
320 2814 508 2876 introductus
526 2849 561 2860 —
579 2815 688 2877 etenim
702 2815 850 2895 percitum
869 2817 914 2878 ira
935 2816 966 2875 in
981 2821 1125 2894 patremd

128 2914 196 2976 apes
219 2905 285 2959 erat
306 2908 358 2959 aut
379 2898 512 2960 criminis
534 2898 644 2977 aliquid
666 2901 735 2961 nori
757 2907 813 2962 aut
835 2897 950 2960 consilii
972 2899 1009 2960 ad
1031 2916 1096 2960 rem

129 2980 274 3058 agendam
297 2980 479 3043 deterre-
500 2981 594 3045 salute
623 2991 742 3063 accepta
763 2982 930 3063 redituque,
959 3000 1024 3044 esse
1046 2983 1095 3051 ait,

129 3080 205 3140 quae
228 3082 296 3125 cum
319 3082 355 3125 eo
378 3082 467 3144 agere
495 3065 616 3128 arbitris
642 3068 764 3128 remotis
785 3066 864 3128 velit.
901 3066 1006 3145 procul
1026 3065 1123 3126 indeo

130 3147 267 3209 omnihus
282 3147 366 3209 abire
375 3150 464 3211 iussis
476 3148 604 3211 cultrum
615 3152 734 3229 stringit
745 3158 774 3211 et
785 3166 875 3229 anper
889 3148 997 3208 lectum
1014 3154 1096 3209 stans

131 3230 207 3292 torro
223 3233 352 3303 intento,
374 3234 433 3294 nlai
447 3233 477 3294 in
492 3251 567 3313 quae
586 3235 651 3313 ipae
667 3235 849 3312 concepisset
870 3229 958 3291 verba
972 3231 1093 3302 iuraret,

131 3330 162 3373 ee
175 3316 271 3393 patris
286 3317 350 3377 elus
365 3317 522 3378 accusandi
541 3335 630 3379 causa
645 3316 800 3381 concilium
820 3312 914 3394 plebis
934 3333 1096 3394 numquam

133 3393 312 3468 habiturum,
327 3416 443 3460 seeum
460 3399 607 3478 extemplo
622 3400 830 3459 transfixurum
845 3397 983 3458 minatur.
1017 3398 1124 3474 pavi-6

131 3477 185 3541 dua
198 3480 356 3550 rabonus,
380 3482 487 3559 quippe
509 3484 559 3558 qui
579 3481 692 3540 terrum
714 3485 781 3537 ante
799 3476 900 3538 oculos
914 3480 1040 3542 micare,
1063 3493 1096 3535 ae
