2350 3922
170 211 232 275 368
367 228 460 269 erana
474 225 564 267 xxm.
580 224 648 267 ose.
665 211 708 265 48.
726 203 764 285 [a.
781 228 812 267 u.
828 228 853 269 e,
868 202 929 285 539]

32 66 33 69 Ἰ
66 124 88 161 0

32 274 37 341 l

32 342 39 453 fi
146 382 158 433 t
236 375 358 437 XLVlll.
394 374 496 446 Quieta
508 373 577 434 inde
590 373 691 433 statiua
703 372 800 444 luere,
818 390 851 434 ac
863 380 942 434 retro
954 374 1036 434 atum
1048 388 1105 432 con·

31 452 39 975 q
171 459 217 518 sul
238 461 328 520 morit
354 466 464 528 castra,
491 465 525 518 ut
551 465 714 517 sementem
734 457 875 535 Campani
899 458 1039 525 iacerent,
1063 471 1105 514 noo

173 551 241 604 ante
258 542 372 603 violarit
385 560 489 621 agrum
505 541 700 619 Campanum,
722 558 810 621 quam
828 542 886 601 iam
901 540 975 601 altae
992 541 1020 599 in
1039 555 1105 616 sege

146 626 253 688 atibus
268 627 377 688 herbae
390 624 529 706 pabulum
546 623 691 704 praebere
711 631 857 703 poterant.
891 625 922 685 id
944 623 1107 685 convexitin

172 709 330 772 Claudiana
348 717 443 771 castra
459 727 549 788 super
564 707 747 778 Suessulam,
770 707 870 788 ibique
886 708 1007 768 hiberna
1027 705 1107 766 aedili-

171 797 255 856 cavit.
285 795 324 856 M.
341 793 463 856 Claudio
480 791 651 873 proconsuli
666 793 835 871 imperarit,
856 800 889 853 ut
911 798 1023 853 retento
1034 788 1107 852 Nolae

173 880 339 940 necessario
362 879 398 939 ad
426 876 566 939 tuendam
584 875 692 937 'urbem
717 875 864 956 praesidio
886 885 1001 937 eeteros
1020 873 1107 939 milito

173 960 334 1024 dimitteret
347 963 486 1031 Romam,
505 979 543 1022 ne
555 963 640 1021 oneri
656 961 743 1021 sociis
753 968 784 1021 et
793 963 925 1040 sumptui
939 956 1106 1039 reipublicae

147 1051 164 1103 3
177 1053 284 1105 essent.
314 1054 342 1105 et
349 1046 392 1106 Ti.
402 1045 576 1106 Gracchusa
585 1043 684 1104 Gumis
691 1044 845 1105 Luceriam
858 1046 890 1104 in
896 1043 1027 1124 Apuliam
1037 1040 1107 1117 legio

172 1147 225 1189 nes
247 1148 314 1190 cum
335 1129 481 1198 duxisset,
503 1129 541 1188 ll.
558 1126 706 1188 Valerium
727 1128 796 1188 inde
816 1134 986 1208 praetorem
1006 1122 1107 1188 Brundi·

172 1213 247 1273 sium
270 1230 336 1272 cum
360 1230 410 1282 eo,
435 1229 522 1290 quem
544 1211 686 1271 Luceriae
708 1210 864 1282 habuerat,
891 1213 1022 1273 exercitu
1041 1207 1107 1272 misit

174 1297 308 1375 tuerique
331 1313 413 1356 oram
435 1297 497 1373 agri
513 1293 667 1357 Sallentini
687 1304 717 1355 et
736 1295 893 1374 providere
911 1296 990 1376 quod
1012 1293 1043 1354 ad
1055 1289 1107 1352 Pbi·
1144 1362 1145 1367 γ

174 1380 286 1458 lippum
301 1378 469 1458 bellumque
486 1379 707 1441 Macedonicum
723 1379 871 1457 adtineret
886 1380 980 1440 iussit.
1144 1386 1145 1463 l

144 1472 162 1520 4
235 1465 323 1525 Exitu
338 1464 456 1525 aestatis
474 1466 552 1533 eius,
572 1482 628 1542 qua
642 1463 714 1523 haec
729 1471 812 1541 gesta
826 1464 1059 1543 perscripsimus,
1074 1456 1106 1516 lit·
1144 1470 1145 1483 ¹

173 1560 254 1609 terae
276 1568 294 1609 a
318 1549 351 1609 P.
377 1554 406 1608 et
421 1546 473 1609 Cn.
495 1546 680 1626 Scipionibus
701 1555 860 1617 venerunt,
886 1555 1010 1627 quantas
1029 1558 1105 1623 quan·

146 1652 149 1657 ·
173 1651 232 1711 que
252 1650 410 1712 prosperas
432 1634 464 1691 in
486 1631 625 1710 Hispania
641 1648 689 1691 res
708 1631 881 1708 gessissent:
906 1630 959 1691 sed
979 1626 1106 1709 pecuniam

174 1717 205 1775 in
228 1714 404 1795 stipendium
427 1716 658 1793 vestimentaque
678 1722 708 1775 et
736 1714 919 1775 frumentum
944 1710 1071 1775 exercitui
1085 1710 1106 1765 et

145 1801 261 1859 nsocits
286 1798 435 1860 navalibus
454 1799 687 1858 omniadeesse.
724 1798 801 1877 quod
823 1798 860 1859 ad
880 1796 1053 1878 stipendium
1070 1786 1105 1850 ad·

173 1885 280 1952 tinent,
296 1884 320 1940 si
333 1882 481 1943 aerarium
493 1882 578 1961 inops
589 1883 640 1951 sit,
657 1898 689 1945 se
701 1881 827 1961 aliquam
839 1883 986 1942 rationem
998 1879 1104 1941 inituros

173 1983 231 2045 quo
256 1965 344 2024 modo
365 1964 401 2024 ab
423 1965 559 2044 Hispanis
578 1974 712 2035 sumant;
736 1973 836 2026 cetera
856 1968 961 2045 utique
982 1963 1016 2025 ab
1036 1960 1105 2022 boor

174 2049 317 2109 mittenda
337 2064 416 2117 esse,
446 2066 502 2108 nee
520 2048 605 2108 aliter
625 2057 676 2109 aut
698 2049 860 2110 exercitum
881 2056 935 2110 aut
954 2043 1106 2126 prorincian

146 2134 269 2193 dteneri
283 2150 380 2212 posse.
410 2131 516 2193 litteris
531 2132 662 2194 recitatis
677 2150 764 2193 nemo
780 2134 913 2192 omnium
929 2138 1003 2200 erat,
1019 2126 1107 2207 quinci
1143 2154 1144 2219 l

175 2235 243 2276 vera
265 2216 355 2277 scribi
376 2223 405 2276 et
427 2214 570 2295 postulari
591 2233 684 2295 aequa
704 2215 862 2285 interatum
883 2217 939 2277 sed
960 2206 1107 2276 occurrero
1143 2226 1144 2287 p

174 2302 295 2369 animis,
318 2307 443 2379 quantos
456 2300 602 2360 exercitus
616 2300 766 2360 terrestris
784 2299 952 2379 navalisque
969 2297 1106 2358 tuerentur,

174 2392 341 2463 quantaque
358 2400 432 2443 nova
448 2381 549 2443 classis
563 2401 632 2443 mox
647 2382 778 2463 paranda
795 2390 888 2453 esset,
911 2385 937 2443 si
949 2378 1051 2442 belluna
1063 2371 1106 2434 lla·

148 2467 349 2527 raedonicum
364 2475 546 2528 moreretur:
567 2465 696 2527 Siciliam
717 2485 751 2526 ac
767 2466 954 2534 Sardiniam.'
971 2480 1040 2544 quac
1058 2459 1107 2517 alil

174 2549 284 2611 bellum
302 2549 608 2629 vectigalesruissent
624 2551 671 2633 ris
685 2550 836 2629 praesides
850 2550 1059 2633 provinciarum
1071 2553 1105 2597 0¹·

145 2636 282 2694 aeroitus
303 2633 397 2696 alere(
434 2633 544 2694 tributo
571 2630 704 2713 sumptus
726 2630 923 2713 suppeditari;
953 2629 1104 2705 tumipsun

176 2717 729 2797 tributum—conferentium..numerum
751 2719 847 2797 tantis·
860 2713 1104 2777 exerciturmutrt·

175 2800 259 2879 gibus
281 2810 310 2862 et
331 2801 366 2861 ad
391 2802 627 2862 Trasumennum
651 2798 747 2862 lacum
770 2809 800 2861 et
820 2798 987 2863 ad'Cannas
1005 2790 1105 2880 indidi·
1142 2820 1143 2853 r

174 2892 253 2952 tum;
272 2886 322 2962 qui
337 2892 526 2963 superessent
539 2886 639 2963 pauci,
662 2886 686 2944 si
702 2883 857 2963 multiplici
870 2887 1050 2962 gravarentur
1065 2875 1104 2928 su·

147 2967 301 3047 dipendio,
326 2967 384 3027 alia
404 2969 551 3046 perituros
573 2977 670 3046 peste:
694 2969 791 3047 itaque
814 2970 871 3028 nisi
893 2966 950 3027 dde
970 2966 1065 3026 staret.
1082 2965 1106 3008 ll
1142 2960 1143 3005 l

132 3057 166 3108 10
174 3049 308 3129 publica,
324 3049 429 3129 opibus
441 3069 501 3111 non
518 3058 670 3112 staturam.
699 3051 905 3130 prodeundum
919 3052 949 3109 in
962 3045 1107 3129 contioneiss

176 3134 275 3193 Fulvio
290 3134 420 3213 praetori
440 3151 519 3203 esse,
542 3134 714 3195 indicandas
728 3134 838 3214 populo
853 3133 982 3214 publicas
1002 3132 1108 3187 necesst-

175 3222 248 3274 tetes
264 3214 533 3296 cohortandosque,
551 3219 601 3295 qui
620 3217 819 3297 redempturis
830 3220 976 3280 ausissent
989 3208 1109 3290 patrino·

175 3297 239 3363 nia,
263 3306 295 3357 ut
316 3298 522 3376 reipublicae,
547 3319 583 3359 ex
598 3319 654 3379 qua
677 3304 851 3372 crevissent,
874 3310 985 3379 tempus
998 3301 1111 3352 commu·

151 3376 281 3438 ldarent
296 3380 553 3461 conducerentque
570 3401 604 3443 ea
620 3383 685 3462 lege
700 3385 884 3464 praebenda,
907 3397 977 3462 quaa
991 3374 1025 3437 ad
1040 3383 1111 3463 exer·

175 3458 263 3515 citum
271 3460 495 3536 Hispaniensem
508 3483 582 3544 opus
591 3475 697 3537 essent,
710 3477 751 3538 ut,
764 3487 831 3529 cnm
842 3466 963 3550 pecunia
972 3463 1001 3521 in
1013 3464 1111 3517 nerant
