2350 3922
275 237 370 279 amun
383 238 472 280 mn.
489 238 555 280 cnr.
572 228 614 279 an.
630 226 673 276 at.
691 215 729 298 [a.
747 219 782 280 c.
797 217 857 301 ara]
988 226 1046 287 361

49 410 52 413 ·
85 388 234 459 adsuetis,
258 386 407 446 lecerunt:
429 394 579 463 postremo
600 393 630 446 et
656 387 728 466 ipsi,
755 404 821 445 cum
850 389 948 448 omnia
969 390 1048 449 circa

84 482 189 549 strage
210 488 244 531 ac
266 469 334 548 luga
355 469 516 530 Sardorum
538 469 649 549 repleta
676 475 788 538 essent,
811 470 876 530 lusi.
914 479 1045 533 ceterum
1059 479 1087 530 11

84 566 173 634 terga
197 553 303 614 dantes
324 553 524 615 circumducto
547 571 653 624 cornu,
683 572 741 633 quo
756 553 912 633 pepulerat
928 555 1046 625 Sardos,

84 638 208 701 inclusit
233 637 392 699 Romanus.
430 637 536 698 caedes
561 637 630 713 inde
647 640 740 715 magis
757 656 845 717 quam
873 656 969 717 pugna
984 640 1047 700 luit.

85 721 245 784 duodecim
257 721 336 782 milia
351 721 479 782 hostium
492 739 576 782 caesa
588 721 748 783 Sardorum
764 721 851 782 simul
864 722 1045 784 Poenorum·
1059 731 1090 782 ta

85 824 161 887 que,
180 805 274 866 lerme
289 806 345 866 tria
361 805 441 866 milia
456 812 485 865 et
500 807 677 884 sepdngenti
698 807 776 885 capti
794 813 824 865 et
842 807 924 884 signa
941 805 1047 867 milita·
1097 873 1101 880 ,

84 893 133 951 ria
153 897 265 968 septem
289 896 319 949 et
340 889 451 966 viginti.
494 888 567 949 XLI.
602 891 677 950 Ante
698 890 796 951 omnia
814 888 923 950 claram
939 899 968 950 et
985 901 1075 952 mee

85 972 262 1037 morabilem
286 989 413 1053 pugnam
436 972 505 1033 lecit
526 972 691 1035 Hasdrubal
710 975 871 1053 Imperator
896 982 998 1054 captus
1018 984 1049 1034 et

83 1059 194 1120 Hanno
219 1065 248 1118 et
269 1057 355 1135 blago
376 1056 490 1117 nobiles
513 1057 784 1135 Carthaginienses,
808 1057 893 1136 Mago
909 1077 943 1118 ex
960 1064 1072 1137 genter

85 1142 229 1211 Barcina,
246 1142 412 1219 propinqua
426 1143 601 1219 cognatione
618 1141 776 1203 Hannibali
794 1143 926 1212 iunctus,
942 1142 1047 1202 Hanno

86 1234 192 1286 auctor
204 1223 374 1285 rebellionis
388 1223 490 1285 Sardis
500 1224 628 1305 bellique
640 1228 702 1288 eins
713 1225 791 1288 baud
803 1225 891 1287 dubie
903 1228 1045 1289 concitur.

49 1384 52 1388 A
85 1327 145 1369 nec
161 1307 322 1369 Sardorum
335 1307 425 1369 duces
439 1309 536 1368 minus
548 1308 677 1369 nobilem
694 1327 758 1370 eam
769 1327 898 1388 pugnarn
916 1308 1047 1371 cladibus
1059 1316 1076 1368 3

84 1395 149 1454 suis
169 1390 319 1452 lecerunt:
343 1409 410 1451 narn
436 1399 466 1451 et
485 1391 562 1452 tilius
582 1392 793 1470 Hamspicorae
813 1393 912 1454 Hostis
931 1396 963 1453 in
984 1396 1074 1454 aciet
1099 1436 1102 1445 .

85 1472 211 1545 cecidit,
231 1483 260 1536 et
276 1475 467 1554 Hamspieora
488 1493 554 1535 curn
570 1476 671 1553 paucis
685 1474 833 1554 equitibus
858 1476 988 1554 lugiens,
1015 1485 1048 1537 ut
1095 1482 1099 1489 '

84 1569 179 1639 super
198 1559 328 1619 addictas
347 1576 396 1620 res
416 1576 519 1619 necem
542 1574 658 1638 quoque
672 1558 724 1620 filii
739 1559 860 1629 audivit,
887 1567 987 1630 nocte,
1010 1579 1047 1622 ne

86 1646 172 1705 cuius
185 1645 368 1704 interuentus
385 1652 486 1722 coepta
503 1643 665 1723 inpediret,
681 1652 806 1704 mortem
825 1642 881 1702 sibi
897 1645 1045 1705 conscivit.

86 1728 199 1787 ceteris
214 1726 285 1804 urbs
303 1727 416 1788 Cornus
435 1726 552 1797 eadem,
578 1743 653 1806 quaa
668 1735 750 1797 ante,
777 1727 862 1804 lugae
877 1735 1075 1805 receptam-o

85 1810 150 1871 lum
165 1810 234 1879 tutu
251 1829 337 1890 quam
352 1810 476 1872 Manlius
498 1812 607 1872 victore
635 1813 764 1872 exercitu
791 1809 949 1889 adgressus
968 1813 1046 1871 intra

86 1893 152 1955 dies
167 1911 276 1973 paucos
296 1895 418 1973 recepit.
452 1892 558 1954 deinde
579 1893 652 1956 aliae
673 1913 789 1974 quoque
806 1896 949 1966 civitates,
972 1905 1076 1975 quaet

85 1977 125 2040 ad
145 1978 366 2056 Hampsicoram
390 1978 563 2057 Poenosque
583 1979 768 2051 deiecerant,
794 1978 945 2041 obsidibus
971 1980 1046 2042 datis

86 2060 267 2125 dediderunt
281 2080 360 2131 sese;
383 2062 489 2141 quibus
511 2062 659 2142 stipendio
675 2063 882 2141 frumentoque
901 2065 1046 2142 imperato

85 2164 142 2225 pro
158 2146 299 2224 cuiusque
314 2152 365 2206 aut
379 2145 489 2206 viribus
511 2154 560 2208 aut
572 2147 679 2208 delicto
696 2146 806 2209 Caralis
821 2148 983 2205 exercitum
998 2164 1044 2206 re·

86 2229 179 2290 duxit.
208 2228 249 2289 ibi
264 2228 385 2290 navibus
405 2228 500 2306 longis
518 2230 651 2291 deductis
669 2231 870 2306 inpositoque,
897 2240 984 2307 quem
999 2224 1072 2290 se·7

4 2370 7 2373 ,
86 2330 155 2373 curn
171 2311 342 2381 advexerat,
360 2310 452 2373 milite
466 2310 590 2372 Romam
606 2314 721 2389 navigat
738 2311 961 2390 Sardiniamque
976 2331 1044 2391 per·

85 2396 229 2457 domitam
258 2397 372 2456 nuntiat
397 2395 545 2474 patribus,
573 2405 602 2456 ct
627 2395 803 2473 stipendium
831 2397 1043 2474 quaestoribus

84 2479 270 2540 trumentum
287 2478 443 2549 aedilibus,
461 2480 589 2557 captivos
603 2479 637 2550 Q.
653 2478 753 2540 Fulvio
768 2481 899 2558 praetori
914 2481 1012 2541 tradit.

148 2562 205 2623 Per
234 2562 313 2623 idem
336 2571 452 2641 tempus
471 2563 505 2623 Τ.
538 2561 676 2624 Otacilius
702 2571 822 2642 praetor
848 2563 884 2622 ab
907 2561 1073 2641 Lilybaeot

85 2644 174 2707 classi
188 2647 220 2705 in
234 2646 362 2707 Africam
378 2653 561 2707 transvectus
581 2645 832 2726 depopulatusque
854 2663 955 2723 agrum
975 2647 1044 2708 Gar·

86 2729 301 2807 tbagiuiensem
320 2748 386 2790 cum
403 2730 567 2792 Sardiniam
584 2729 652 2790 inde
664 2737 793 2809 peteret,
812 2748 869 2809 quo
886 2728 962 2790 lama
980 2737 1071 2791 aratu

84 2812 299 2876 Hasdrubalem
308 2831 335 2874 u
349 2813 515 2875 baliaribus
527 2830 622 2892 nuper
637 2816 800 2886 traiecisse,
817 2812 900 2873 classi
916 2813 1043 2875 dlrioam

84 2899 234 2975 repetenti
263 2899 407 2968 occurrit,
433 2897 546 2977 levique
568 2900 729 2959 certamine
755 2900 787 2959 in
808 2895 865 2959 alto
888 2900 1043 2959 commisso

84 2988 200 3059 septem
212 2980 282 3041 inde
296 2999 385 3043 naves
396 2999 463 3043 cunr
475 2983 562 3042 sociis
575 2981 726 3043 navalibus
738 2984 825 3061 cepit.
855 2988 969 3042 ceteras
982 3000 1043 3042 me·

84 3073 133 3124 tus
147 3064 226 3125 haud
241 3082 327 3126 secus
341 3083 427 3144 quarn
443 3074 601 3145 tempestas
616 3067 723 3144 passim
740 3066 863 3127 disiecit
921 3067 924 3071 ’

149 3147 208 3208 Per
223 3148 342 3210 eosdem
367 3149 443 3210 torte
465 3149 528 3210 dies
548 3157 579 3210 et
592 3148 740 3210 Bomilcar
762 3167 829 3210 cum
849 3147 990 3210 militibus
1006 3148 1041 3209 ad
1054 3155 1087 3207 ld

84 3229 324 3310 supplementum
350 3232 526 3312 Carthagine
547 3235 644 3294 missis
667 3233 887 3312 elephantisque
913 3239 943 3292 et
962 3250 1043 3292 com·

84 3321 185 3376 meatu
205 3315 316 3375 Locros
337 3319 468 3378 accessit.
509 3336 595 3397 quem
622 3324 654 3378 ut
674 3319 823 3377 incautum
852 3316 1041 3396 opprimeret,
1055 3324 1083 3374 11

84 3401 140 3475 Ap.
156 3397 292 3460 Claudius
312 3417 367 3478 per
390 3400 605 3462 simulationem
627 3401 794 3480 provinciae
816 3399 1043 3461 circumeundae

83 3481 260 3543 Messanamv
283 3484 391 3563 raptim
423 3487 553 3546 exercitu
586 3485 673 3547 ducto
706 3491 789 3546 uento
817 3492 958 3564 aestuque
989 3500 1043 3543 suo
