2396 3920
146 214 187 276 28
291 227 386 268 mnam
399 225 455 268 vn.
471 223 540 266 one.
555 209 600 264 26.
615 210 658 263 27.
680 198 719 282 [a.
734 222 766 262 u.
782 221 808 259 c.
823 194 964 278 lto-410]

147 374 269 439 Camillo
287 373 367 435 nulla
379 369 580 432 memorabilis
592 377 672 446 gesta
689 385 751 428 res:
768 364 877 427 necilli
888 372 968 424 terra
979 378 1035 422 nec
1050 360 1114 422 Ro·

105 469 138 518 14
148 477 252 519 manns
263 459 339 518 mari
349 453 473 517 bellator
486 463 558 514 erat.
579 460 731 532 postremo
743 467 809 510 oum
821 447 957 509 litoribus
968 460 1114 506 arceren-

147 553 209 610 tur,
232 559 307 619 aqua
321 541 409 599 etiam
430 545 549 616 praeter
569 543 667 597 cetera
686 534 850 594 necessaria
872 532 939 591 usui
951 528 1114 591 deficiente

105 633 137 685 lo
147 623 260 686 ltaliam
276 622 432 701 reliquere.
464 621 546 680 cuius
561 618 663 699 populi
683 635 718 680 ea
732 617 874 694 cuiusque
890 614 987 692 gentis
1005 610 1115 672 classis

147 709 251 773 luerit,
275 704 348 766 nihil
377 705 452 764 certi
473 711 526 764 est.
562 704 690 764 maxime
710 697 827 762 Siciliae
853 698 943 759 luisse
964 703 1115 774 tyrannos

148 790 340 858 crediderim;
361 806 430 849 nam
448 785 571 848 ulterior
586 786 708 846 Graecia
731 801 765 843 ea
777 787 951 860 tempestate
966 780 1114 840 intestino
1193 848 1194 857 ἵ

147 873 224 934 lassa
238 871 317 932 bello
331 873 390 931 iam
405 869 598 932 Macedonum
616 886 688 947 opes
703 862 852 926 horrebat.
1193 900 1194 909 .

118 965 131 1014 1
210 955 323 1016 XXVII.
359 953 544 1014 Exercitibus
558 952 685 1012 dimissis
698 967 764 1010 cum
781 955 811 1008 et
823 949 897 1009 loris
910 966 968 1027 pax
983 954 1013 1007 et
1027 945 1113 1006 domi
1193 968 1194 975 ¹

148 1039 306 1100 concordia
318 1036 456 1097 ordinum
468 1038 558 1097 otium
569 1042 661 1105 esset,
679 1051 717 1094 ne
728 1033 816 1093 nimis
830 1031 922 1093 laetae
938 1048 988 1091 res
999 1036 1113 1099 essent,

147 1121 315 1202 pestilentia
325 1122 478 1180 'civitmem
495 1119 597 1179 adorta
622 1119 717 1195 coegit
737 1122 870 1178 senatum
892 1117 1042 1194 imperare
1059 1113 1114 1174 de·
1193 1128 1194 1141 ¹

148 1207 300 1272 cemviris,
315 1212 348 1264 ut
362 1202 455 1263 libros
470 1201 627 1281 Sibyllinos
642 1201 838 1278 inspicerent;
862 1215 1025 1275 eorumque
1045 1214 1114 1256 mo·

120 1300 135 1346 2
150 1291 214 1349 nitu
226 1287 440 1348 lectisternium
454 1286 519 1347 luit.
549 1285 654 1345 eodem
672 1300 749 1344 anno
767 1282 914 1344 SatrIcum
928 1280 965 1342 ab
983 1280 1114 1341 ludati-

147 1371 202 1431 bus
241 1369 356 1430 colonia
388 1368 512 1430 deducta
544 1369 736 1445 restitutaque
771 1365 858 1435 urbs,
892 1383 983 1443 ‘quam
1012 1364 1114 1437 Latini

149 1454 315 1520 diruerant;
332 1460 362 1512 et
376 1471 443 1514 cum
459 1449 749 1529 Carthaginiensibus
763 1447 867 1527 legatis
877 1449 988 1511 Romae
1002 1445 1114 1508 foedus

147 1539 251 1606 ictum,
269 1554 337 1597 cum
352 1537 510 1598 amicitiam
531 1553 565 1596 ac
583 1536 754 1596 societatem
771 1539 906 1612 petentes
920 1531 1083 1592 venissent.

116 1628 131 1678 3
209 1621 291 1680 ldem
307 1622 398 1680 otium
415 1620 495 1680 domi
512 1621 641 1696 lorisque
656 1618 764 1678 mansit
779 1616 813 1676 T.
830 1614 937 1686 llanlio
958 1615 1114 1694 Torquato

149 1702 180 1762 C.
198 1701 313 1762 Plautio
328 1702 507 1762 consulibus.
538 1701 765 1762 semunciarium
783 1707 896 1760 tantum
919 1717 956 1758 ex
976 1700 1115 1759 unmario

148 1784 251 1844 laenas
261 1782 380 1851 lactum,
394 1790 424 1843 et
434 1785 464 1843 in
483 1783 639 1860 pensiones
651 1801 761 1862 aequas
771 1784 905 1852 triennii,
918 1783 958 1842 ita
967 1788 1116 1861 utquarta

116 1876 288 1944 4pracsens
308 1872 400 1935 esset,
422 1865 529 1926 solutio
547 1867 624 1926 aerls
641 1864 730 1926 alieni
753 1865 919 1946 dispensata
933 1873 986 1925 est.
1023 1872 1055 1924 et
1068 1867 1115 1925 sic

148 1966 264 2027 quoque
285 1956 370 2026 parte
390 1948 485 2027 plebis
500 1948 614 2009 adlecta
634 1948 708 2009 tides
734 1957 831 2011 tamen
851 1949 968 2029 publica
988 1948 1115 2027 privatis

147 2029 367 2092 difficultatibus
387 2034 485 2110 potior
503 2033 542 2092 ad
560 2050 661 2094 curam
682 2034 797 2094 senatui
815 2033 880 2094 luit.
914 2032 1026 2093 levatae
1048 2049 1113 2092 ma·

147 2117 224 2175 nme
239 2132 296 2186 res,
315 2115 383 2193 quia
399 2114 509 2176 tributo
522 2133 556 2176 ac
577 2115 686 2176 dilectu
699 2132 913 2195 supersessum.

115 2206 131 2254 5
207 2199 308 2259 Tertio
324 2215 401 2257 anno
416 2206 483 2276 post
498 2198 643 2260 Satricum
658 2200 825 2260 restitutum
839 2220 856 2261 a
873 2198 985 2258 Volscis
999 2198 1038 2259 bl.
1055 2197 1115 2258 Va·

147 2281 238 2342 lerins
254 2281 364 2342 Corvus
380 2285 486 2342 iterum
507 2283 610 2344 consul
630 2301 698 2345 cum
714 2282 745 2345 G.
760 2282 891 2343 Poetelio
907 2283 1018 2352 lactus,
1042 2300 1114 2342 cum
1193 2346 1194 2351 ,

147 2381 183 2423 ex
197 2364 281 2424 Latio
297 2366 462 2425 nuntiatum
476 2372 554 2426 esset
563 2365 675 2444 legatos
690 2365 726 2426 ab
739 2367 826 2426 Antio
841 2367 1000 2426 circumire
1015 2383 1114 2445 popu-

114 2445 189 2506 6los
209 2447 381 2525 Latinorum
401 2447 439 2508 ad
460 2450 667 2510 concitandum
693 2448 820 2518 bellum,
850 2450 1023 2530 prinsquam
1044 2448 1115 2528 plus
1193 2496 1194 2503 ,

146 2531 274 2591 bostium
294 2532 395 2600 lieret,
419 2531 532 2593 Volscis
555 2550 636 2593 arma
658 2533 770 2593 inlerre
791 2535 888 2594 iussus
902 2532 938 2593 ad
962 2533 1114 2593 Satricum
1193 2578 1194 2606 p

147 2617 278 2676 exercitu
298 2614 404 2675 infesto
424 2617 530 2695 pergit.
568 2635 625 2694 quo
646 2634 713 2677 cum
727 2617 857 2677 Antiates
882 2614 990 2694 aliique
1013 2615 1115 2677 Volsci
1193 2650 1194 2689 1

145 2700 327 2775 praeparatis
348 2700 407 2758 iam
427 2705 510 2767 ante,
528 2701 553 2758 si
567 2699 637 2778 quid
654 2699 690 2760 ab
702 2700 796 2760 Roma
809 2706 992 2768 moreretur,
1017 2701 1113 2778 copiis

147 2781 358 2848 occurrissent,
375 2780 453 2840 nulla
468 2799 552 2842 mora
573 2783 651 2842 inter
666 2783 798 2843 infensos
811 2782 925 2843 diutino
937 2782 1007 2843 odio
1022 2783 1112 2843 dimi·

114 2859 233 2921 teandi
247 2861 324 2933 lacta
340 2870 393 2923 est.
421 2862 532 2934 Volsci,
550 2865 679 2925 leroeior
693 2865 730 2927 ad
745 2864 949 2927 rebellandum
965 2883 1056 2944 quam
1072 2867 1112 2926 ad

145 2941 315 3005 bellandum
329 2962 411 3022 gens,
428 2949 588 3008 certamine
602 2950 670 3008 neti
682 2948 751 3026 luga
764 2950 859 3011 effusa>
871 2950 978 3010 Satrici
988 2951 1113 3015 moenia

144 3033 258 3106 petunt.
281 3035 310 3087 et
321 3045 360 3089 ne
370 3031 401 3089 in
416 3032 510 3092 muris
521 3031 639 3110 quidem
651 3033 722 3094 satis
736 3032 821 3093 firma
836 3051 898 3112 spe,
912 3050 981 3092 cum
997 3050 1114 3094 corona

145 3109 270 3171 militum
287 3113 382 3173 cincta
397 3116 456 3174 iarn
471 3113 558 3176 scalis
575 3124 730 3194 caperetur
744 3116 831 3185 urbs,
847 3117 884 3176 ad
902 3122 1044 3193 quattuor
1055 3119 1113 3176 mi-

145 3192 184 3252 lia
198 3194 324 3255 militum
341 3206 461 3276 praeter
479 3198 697 3259 multitudinem
714 3198 852 3260 inbellem
869 3217 933 3260 sese
954 3196 1112 3260 dedidere.

41 3360 44 3363 Ι
112 3283 129 3330 8
145 3276 284 3352 oppidum
296 3279 432 3341 dirutum
443 3288 531 3359 atque
545 3283 714 3351 incensum;
736 3280 772 3343 ab
788 3283 861 3344 aede
875 3289 990 3348 tantum
1002 3284 1115 3344 matris

103 3360 111 3376 ’
145 3356 272 3418 blatutae
300 3361 469 3425 abstinuere
501 3366 609 3442 ignem.
646 3365 756 3442 praeda
782 3369 877 3426 omnis
914 3364 1004 3426 militi
1029 3365 1112 3431 data

145 3446 228 3499 extra
245 3442 385 3518 praedam
399 3453 537 3523 quattuor
551 3446 632 3508 milia
648 3447 815 3509 deditorum
826 3448 943 3517 babita;
961 3467 1014 3510 eos
1026 3452 1112 3510 rinc·
