<?xml version="1.0" encoding="UTF-8"?>
<!DOCTYPE html PUBLIC "-//W3C//DTD XHTML 1.0 Transitional//EN"
    "http://www.w3.org/TR/xhtml1/DTD/xhtml1-transitional.dtd">
<html xmlns="http://www.w3.org/1999/xhtml" xml:lang="en" lang="en">
 <head>
  <title>
</title>
<meta http-equiv="Content-Type" content="text/html;charset=utf-8" />
  <meta name='ocr-system' content='tesseract 3.04.00' />
  <meta name='ocr-capabilities' content='ocr_page ocr_carea ocr_par ocr_line ocrx_word'/>
</head>
<body>
  <div class='ocr_page' id='page_1' title='image "./aburbeconditali11livygoog_0013.png"; bbox 0 0 2396 3920; ppageno 0'>
   <div class='ocr_carea' id='block_1_1' title="bbox 128 186 935 272">
    <p class='ocr_par' dir='ltr' id='par_1_1' title="bbox 128 186 935 272">
     <span class='ocr_line' id='line_1_1' title="bbox 128 186 935 272; baseline -0.01 -18"><span class='ocrx_word' id='word_1_1' title='bbox 128 200 149 260; x_wconf 74' lang='grc'>4</span> <span class='ocrx_word' id='word_1_2' title='bbox 275 210 369 253; x_wconf 77' lang='lat' dir='ltr'>umes</span> <span class='ocrx_word' id='word_1_3' title='bbox 382 210 438 253; x_wconf 84' lang='lat' dir='ltr'>vu.</span> <span class='ocrx_word' id='word_1_4' title='bbox 451 209 519 252; x_wconf 80' lang='lat' dir='ltr'>cnr.</span> <span class='ocrx_word' id='word_1_5' title='bbox 535 198 561 249; x_wconf 77' lang='lat'>2.</span> <span class='ocrx_word' id='word_1_6' title='bbox 574 194 601 250; x_wconf 80' lang='grc'>3.</span> <span class='ocrx_word' id='word_1_7' title='bbox 616 198 643 250; x_wconf 75' lang='lat' dir='ltr'>d.</span> <span class='ocrx_word' id='word_1_8' title='bbox 659 187 700 272; x_wconf 87' lang='lat' dir='ltr'>[a.</span> <span class='ocrx_word' id='word_1_9' title='bbox 710 211 742 250; x_wconf 90' lang='lat' dir='ltr'>u.</span> <span class='ocrx_word' id='word_1_10' title='bbox 758 211 784 249; x_wconf 90' lang='lat' dir='ltr'>e.</span> <span class='ocrx_word' id='word_1_11' title='bbox 800 194 858 248; x_wconf 82' lang='lat'>391.</span> <span class='ocrx_word' id='word_1_12' title='bbox 872 186 935 272; x_wconf 78' lang='lat'><strong>392]</strong></span> 
     </span>
    </p>
   </div>
   <div class='ocr_carea' id='block_1_2' title="bbox 98 354 1092 1106">
    <p class='ocr_par' dir='ltr' id='par_1_2' title="bbox 128 354 1089 506">
     <span class='ocr_line' id='line_1_2' title="bbox 129 354 1089 441; baseline -0.002 -20"><span class='ocrx_word' id='word_1_13' title='bbox 129 377 216 441; x_wconf 88' lang='lat' dir='ltr'>qnam</span> <span class='ocrx_word' id='word_1_14' title='bbox 232 356 268 419; x_wconf 93' lang='lat' dir='ltr'>ab</span> <span class='ocrx_word' id='word_1_15' title='bbox 283 375 355 418; x_wconf 90' lang='lat' dir='ltr'>sano</span> <span class='ocrx_word' id='word_1_16' title='bbox 371 357 453 418; x_wconf 90' lang='lat' dir='ltr'>initio</span> <span class='ocrx_word' id='word_1_17' title='bbox 470 374 519 416; x_wconf 91' lang='lat' dir='ltr'>res</span> <span class='ocrx_word' id='word_1_18' title='bbox 533 359 566 419; x_wconf 93' lang='lat' dir='ltr'>in</span> <span class='ocrx_word' id='word_1_19' title='bbox 580 356 657 419; x_wconf 88' lang='lat' dir='ltr'>hauc</span> <span class='ocrx_word' id='word_1_20' title='bbox 672 356 720 416; x_wconf 83' lang='lat' dir='ltr'>rix</span> <span class='ocrx_word' id='word_1_21' title='bbox 735 354 882 434; x_wconf 88' lang='lat' dir='ltr'>opulentis</span> <span class='ocrx_word' id='word_1_22' title='bbox 896 358 997 436; x_wconf 79' lang='lat' dir='ltr'>regnis</span> <span class='ocrx_word' id='word_1_23' title='bbox 1015 357 1089 420; x_wconf 89' lang='lat' dir='ltr'>tole·</span> 
     </span>
     <span class='ocr_line' id='line_1_3' title="bbox 128 441 551 506; baseline -0.012 0"><span class='ocrx_word' id='word_1_24' title='bbox 128 442 253 506; x_wconf 83' lang='lat' dir='ltr'><strong>rabilem</strong></span> <span class='ocrx_word' id='word_1_25' title='bbox 271 441 416 503; x_wconf 88' lang='lat' dir='ltr'>insaniam</span> <span class='ocrx_word' id='word_1_26' title='bbox 429 443 551 501; x_wconf 82' lang='lat' dir='ltr'>venerit.</span> 
     </span>
    </p>

    <p class='ocr_par' dir='ltr' id='par_1_3' title="bbox 99 521 1092 689">
     <span class='ocr_line' id='line_1_4' title="bbox 99 521 1092 604; baseline -0.002 -17"><span class='ocrx_word' id='word_1_27' title='bbox 99 545 113 596; x_wconf 95' lang='lat'>1</span> <span class='ocrx_word' id='word_1_28' title='bbox 188 525 240 588; x_wconf 84' lang='lat' dir='ltr'>ill.</span> <span class='ocrx_word' id='word_1_29' title='bbox 261 524 323 586; x_wconf 91' lang='lat' dir='ltr'>Nec</span> <span class='ocrx_word' id='word_1_30' title='bbox 337 532 435 586; x_wconf 81' lang='lat' dir='ltr'>tamen</span> <span class='ocrx_word' id='word_1_31' title='bbox 454 522 592 584; x_wconf 92' lang='lat' dir='ltr'>ludorum</span> <span class='ocrx_word' id='word_1_32' title='bbox 607 523 736 604; x_wconf 89' lang='lat' dir='ltr'>primum</span> <span class='ocrx_word' id='word_1_33' title='bbox 756 521 873 585; x_wconf 87' lang='lat' dir='ltr'>initium</span> <span class='ocrx_word' id='word_1_34' title='bbox 894 524 1092 602; x_wconf 79' lang='lat' dir='ltr'><strong>procurandis</strong></span> 
     </span>
     <span class='ocr_line' id='line_1_5' title="bbox 129 606 1091 689; baseline -0.003 -17"><span class='ocrx_word' id='word_1_35' title='bbox 129 608 321 689; x_wconf 77' lang='lat' dir='ltr'>religionibus</span> <span class='ocrx_word' id='word_1_36' title='bbox 336 608 436 669; x_wconf 89' lang='lat' dir='ltr'>datum</span> <span class='ocrx_word' id='word_1_37' title='bbox 450 615 501 671; x_wconf 85' lang='lat' dir='ltr'>aut</span> <span class='ocrx_word' id='word_1_38' title='bbox 514 606 658 686; x_wconf 78' lang='lat' dir='ltr'>religione</span> <span class='ocrx_word' id='word_1_39' title='bbox 677 606 790 667; x_wconf 89' lang='lat' dir='ltr'>animos</span> <span class='ocrx_word' id='word_1_40' title='bbox 805 613 855 666; x_wconf 89' lang='lat' dir='ltr'>aut</span> <span class='ocrx_word' id='word_1_41' title='bbox 869 623 995 686; x_wconf 89' lang='lat' dir='ltr'>corpora</span> <span class='ocrx_word' id='word_1_42' title='bbox 1009 625 1091 669; x_wconf 88' lang='lat' dir='ltr'>mor·</span> 
     </span>
    </p>

    <p class='ocr_par' dir='ltr' id='par_1_4' title="bbox 98 687 1091 939">
     <span class='ocr_line' id='line_1_6' title="bbox 98 687 1090 772; baseline -0.004 -16"><span class='ocrx_word' id='word_1_43' title='bbox 98 714 114 762; x_wconf 83' lang='lat'>2</span> <span class='ocrx_word' id='word_1_44' title='bbox 129 695 175 756; x_wconf 91' lang='lat' dir='ltr'>bis</span> <span class='ocrx_word' id='word_1_45' title='bbox 192 692 308 768; x_wconf 67' lang='lat' dir='ltr'>levarit„</span> <span class='ocrx_word' id='word_1_46' title='bbox 319 694 390 772; x_wconf 90' lang='lat' dir='ltr'>quin</span> <span class='ocrx_word' id='word_1_47' title='bbox 405 692 508 763; x_wconf 89' lang='lat' dir='ltr'>etiam,</span> <span class='ocrx_word' id='word_1_48' title='bbox 524 709 591 752; x_wconf 89' lang='lat' dir='ltr'>cum</span> <span class='ocrx_word' id='word_1_49' title='bbox 606 687 720 751; x_wconf 87' lang='lat' dir='ltr'>medios</span> <span class='ocrx_word' id='word_1_50' title='bbox 735 687 813 751; x_wconf 86' lang='lat' dir='ltr'>torte</span> <span class='ocrx_word' id='word_1_51' title='bbox 826 687 912 751; x_wconf 89' lang='lat' dir='ltr'>ludos</span> <span class='ocrx_word' id='word_1_52' title='bbox 929 691 1026 752; x_wconf 80' lang='lat' dir='ltr'>circm</span> <span class='ocrx_word' id='word_1_53' title='bbox 1040 692 1090 759; x_wconf 79' lang='lat' dir='ltr'>l&#39;i-</span> 
     </span>
     <span class='ocr_line' id='line_1_7' title="bbox 128 771 1091 857; baseline -0.002 -17"><span class='ocrx_word' id='word_1_54' title='bbox 128 777 195 840; x_wconf 90' lang='lat' dir='ltr'>beri</span> <span class='ocrx_word' id='word_1_55' title='bbox 211 775 367 857; x_wconf 82' lang='lat' dir='ltr'>superfuso</span> <span class='ocrx_word' id='word_1_56' title='bbox 386 776 530 854; x_wconf 77' lang='lat' dir='ltr'>inrigatus</span> <span class='ocrx_word' id='word_1_57' title='bbox 545 772 721 854; x_wconf 85' lang='lat' dir='ltr'>inpedisset,</span> <span class='ocrx_word' id='word_1_58' title='bbox 742 771 773 834; x_wconf 94' lang='lat' dir='ltr'>id</span> <span class='ocrx_word' id='word_1_59' title='bbox 792 790 862 839; x_wconf 89' lang='lat' dir='ltr'>rero</span> <span class='ocrx_word' id='word_1_60' title='bbox 883 771 963 834; x_wconf 85' lang='lat' dir='ltr'>velut</span> <span class='ocrx_word' id='word_1_61' title='bbox 980 777 1091 838; x_wconf 87' lang='lat' dir='ltr'>aversis</span> 
     </span>
     <span class='ocr_line' id='line_1_8' title="bbox 129 856 1089 939; baseline -0.004 -16"><span class='ocrx_word' id='word_1_62' title='bbox 129 864 188 923; x_wconf 91' lang='lat' dir='ltr'>iam</span> <span class='ocrx_word' id='word_1_63' title='bbox 205 860 261 922; x_wconf 89' lang='lat' dir='ltr'>diis</span> <span class='ocrx_word' id='word_1_64' title='bbox 275 857 559 939; x_wconf 81' lang='lat' dir='ltr'>aspernantibusque</span> <span class='ocrx_word' id='word_1_65' title='bbox 574 856 740 938; x_wconf 84' lang='lat' dir='ltr'>placamina</span> <span class='ocrx_word' id='word_1_66' title='bbox 751 859 814 921; x_wconf 74' lang='lat' dir='ltr'>boe</span> <span class='ocrx_word' id='word_1_67' title='bbox 828 865 975 923; x_wconf 84' lang='lat' dir='ltr'>terrorem</span> <span class='ocrx_word' id='word_1_68' title='bbox 985 858 1089 938; x_wconf 79' lang='lat' dir='ltr'>ingen·</span> 
     </span>
    </p>

    <p class='ocr_par' dir='ltr' id='par_1_5' title="bbox 98 937 1091 1106">
     <span class='ocr_line' id='line_1_9' title="bbox 98 937 1091 1022; baseline -0.004 -14"><span class='ocrx_word' id='word_1_69' title='bbox 98 954 189 1015; x_wconf 83' lang='lat' dir='ltr'>stem</span> <span class='ocrx_word' id='word_1_70' title='bbox 206 945 285 1006; x_wconf 86' lang='lat' dir='ltr'>fecit</span> <span class='ocrx_word' id='word_1_71' title='bbox 320 945 420 1022; x_wconf 88' lang='lat' dir='ltr'>itaque</span> <span class='ocrx_word' id='word_1_72' title='bbox 435 941 467 1004; x_wconf 73' lang='lat' dir='ltr'>(L</span> <span class='ocrx_word' id='word_1_73' title='bbox 484 942 614 1004; x_wconf 83' lang='lat' dir='ltr'>Genucio</span> <span class='ocrx_word' id='word_1_74' title='bbox 628 942 663 1005; x_wconf 83' lang='lat' dir='ltr'>L.</span> <span class='ocrx_word' id='word_1_75' title='bbox 677 937 801 1005; x_wconf 76' lang='lat' dir='ltr'>Aemilio</span> <span class='ocrx_word' id='word_1_76' title='bbox 815 940 963 1003; x_wconf 80' lang='lat' dir='ltr'>Mamerco</span> <span class='ocrx_word' id='word_1_77' title='bbox 982 942 1091 1005; x_wconf 90' lang='lat' dir='ltr'>iterum</span> 
     </span>
     <span class='ocr_line' id='line_1_10' title="bbox 129 1024 1090 1106; baseline -0.002 -16"><span class='ocrx_word' id='word_1_78' title='bbox 129 1027 300 1091; x_wconf 88' lang='lat' dir='ltr'>consulibus</span> <span class='ocrx_word' id='word_1_79' title='bbox 311 1044 379 1088; x_wconf 90' lang='lat' dir='ltr'>cum</span> <span class='ocrx_word' id='word_1_80' title='bbox 391 1025 575 1106; x_wconf 78' lang='lat' dir='ltr'>piaculorum</span> <span class='ocrx_word' id='word_1_81' title='bbox 586 1026 680 1104; x_wconf 80' lang='lat' dir='ltr'>magis</span> <span class='ocrx_word' id='word_1_82' title='bbox 691 1024 864 1105; x_wconf 78' lang='lat' dir='ltr'>conquisitio</span> <span class='ocrx_word' id='word_1_83' title='bbox 875 1026 991 1088; x_wconf 89' lang='lat' dir='ltr'>animos</span> <span class='ocrx_word' id='word_1_84' title='bbox 1002 1044 1090 1106; x_wconf 87' lang='lat' dir='ltr'>quam</span> 
     </span>
    </p>
   </div>
   <div class='ocr_carea' id='block_1_3' title="bbox 97 1109 1193 1441">
    <p class='ocr_par' dir='ltr' id='par_1_6' title="bbox 97 1109 1193 1441">
     <span class='ocr_line' id='line_1_11' title="bbox 129 1109 1193 1192; baseline -0.001 -18"><span class='ocrx_word' id='word_1_85' title='bbox 129 1129 255 1192; x_wconf 90' lang='lat' dir='ltr'>corpora</span> <span class='ocrx_word' id='word_1_86' title='bbox 268 1109 366 1173; x_wconf 90' lang='lat' dir='ltr'>morbi</span> <span class='ocrx_word' id='word_1_87' title='bbox 380 1109 549 1181; x_wconf 88' lang='lat' dir='ltr'>adiicerent,</span> <span class='ocrx_word' id='word_1_88' title='bbox 561 1110 719 1190; x_wconf 88' lang='lat' dir='ltr'>repetitum</span> <span class='ocrx_word' id='word_1_89' title='bbox 734 1126 771 1168; x_wconf 83' lang='lat' dir='ltr'>ex</span> <span class='ocrx_word' id='word_1_90' title='bbox 783 1110 933 1171; x_wconf 87' lang='lat' dir='ltr'>seniorum</span> <span class='ocrx_word' id='word_1_91' title='bbox 948 1112 1090 1177; x_wconf 80' lang='lat' dir='ltr'>memoria</span> <span class='ocrx_word' id='word_1_92' title='bbox 1192 1168 1193 1173; x_wconf 73' lang='grc'>,</span> 
     </span>
     <span class='ocr_line' id='line_1_12' title="bbox 130 1191 1193 1274; baseline -0.003 -17"><span class='ocrx_word' id='word_1_93' title='bbox 130 1197 246 1267; x_wconf 90' lang='lat' dir='ltr'>dicitur,</span> <span class='ocrx_word' id='word_1_94' title='bbox 258 1193 456 1274; x_wconf 79' lang='lat' dir='ltr'>pestilentiam</span> <span class='ocrx_word' id='word_1_95' title='bbox 468 1192 617 1274; x_wconf 86' lang='lat' dir='ltr'>quondam</span> <span class='ocrx_word' id='word_1_96' title='bbox 629 1191 710 1254; x_wconf 82' lang='lat' dir='ltr'>claro</span> <span class='ocrx_word' id='word_1_97' title='bbox 725 1191 762 1253; x_wconf 88' lang='lat' dir='ltr'>ab</span> <span class='ocrx_word' id='word_1_98' title='bbox 778 1192 920 1255; x_wconf 87' lang='lat' dir='ltr'>dictatore</span> <span class='ocrx_word' id='word_1_99' title='bbox 934 1193 991 1256; x_wconf 79' lang='lat' dir='ltr'>tiro</span> <span class='ocrx_word' id='word_1_100' title='bbox 1005 1194 1090 1255; x_wconf 86' lang='lat' dir='ltr'>seda·</span> <span class='ocrx_word' id='word_1_101' title='bbox 1192 1220 1193 1273; x_wconf 72' lang='lat'>3</span> 
     </span>
     <span class='ocr_line' id='line_1_13' title="bbox 97 1274 1193 1358; baseline -0.007 -12"><span class='ocrx_word' id='word_1_102' title='bbox 97 1287 199 1347; x_wconf 74' lang='lat' dir='ltr'>atam</span> <span class='ocrx_word' id='word_1_103' title='bbox 221 1278 412 1358; x_wconf 77' lang='lat' dir='ltr'>eareligione</span> <span class='ocrx_word' id='word_1_104' title='bbox 423 1277 567 1340; x_wconf 87' lang='lat' dir='ltr'>adductus</span> <span class='ocrx_word' id='word_1_105' title='bbox 578 1284 697 1339; x_wconf 88' lang='lat' dir='ltr'>senatus</span> <span class='ocrx_word' id='word_1_106' title='bbox 707 1276 882 1341; x_wconf 86' lang='lat' dir='ltr'>dictatorem</span> <span class='ocrx_word' id='word_1_107' title='bbox 896 1274 970 1338; x_wconf 87' lang='lat' dir='ltr'>clari</span> <span class='ocrx_word' id='word_1_108' title='bbox 981 1277 1092 1356; x_wconf 80' lang='lat' dir='ltr'>figendi</span> <span class='ocrx_word' id='word_1_109' title='bbox 1168 1278 1173 1289; x_wconf 69' lang='lat'><strong>⁴</strong></span> <span class='ocrx_word' id='word_1_110' title='bbox 1192 1310 1193 1321; x_wconf 62' lang='lat'>2</span> 
     </span>
     <span class='ocr_line' id='line_1_14' title="bbox 130 1359 1193 1441; baseline -0.003 -16"><span class='ocrx_word' id='word_1_111' title='bbox 130 1381 217 1425; x_wconf 90' lang='lat' dir='ltr'>causa</span> <span class='ocrx_word' id='word_1_112' title='bbox 238 1363 297 1424; x_wconf 89' lang='lat' dir='ltr'>dici</span> <span class='ocrx_word' id='word_1_113' title='bbox 315 1362 409 1424; x_wconf 87' lang='lat' dir='ltr'>iussit.</span> <span class='ocrx_word' id='word_1_114' title='bbox 450 1361 546 1424; x_wconf 89' lang='lat' dir='ltr'>dietus</span> <span class='ocrx_word' id='word_1_115' title='bbox 559 1361 593 1424; x_wconf 91' lang='lat' dir='ltr'>L.</span> <span class='ocrx_word' id='word_1_116' title='bbox 609 1359 734 1424; x_wconf 84' lang='lat' dir='ltr'>Manlius</span> <span class='ocrx_word' id='word_1_117' title='bbox 753 1359 932 1441; x_wconf 83' lang='lat' dir='ltr'>Imperiosus</span> <span class='ocrx_word' id='word_1_118' title='bbox 950 1360 983 1421; x_wconf 87' lang='lat' dir='ltr'>L.</span> <span class='ocrx_word' id='word_1_119' title='bbox 1000 1361 1087 1422; x_wconf 90' lang='lat' dir='ltr'>Pina·</span> <span class='ocrx_word' id='word_1_120' title='bbox 1192 1432 1193 1439; x_wconf 8' lang='grc' dir='ltr'>χ</span> 
     </span>
    </p>
   </div>
   <div class='ocr_carea' id='block_1_4' title="bbox 97 1443 1090 1526">
    <p class='ocr_par' dir='ltr' id='par_1_7' title="bbox 97 1443 1090 1526">
     <span class='ocr_line' id='line_1_15' title="bbox 97 1443 1090 1526; baseline -0.012 -12"><span class='ocrx_word' id='word_1_121' title='bbox 97 1449 206 1514; x_wconf 78' lang='lat' dir='ltr'>arium</span> <span class='ocrx_word' id='word_1_122' title='bbox 222 1447 396 1526; x_wconf 68' lang='lat' dir='ltr'>magianum</span> <span class='ocrx_word' id='word_1_123' title='bbox 409 1448 544 1526; x_wconf 90' lang='lat' dir='ltr'>equitum</span> <span class='ocrx_word' id='word_1_124' title='bbox 558 1444 641 1509; x_wconf 81' lang='lat' dir='ltr'>dixit</span> <span class='ocrx_word' id='word_1_125' title='bbox 675 1443 723 1507; x_wconf 82' lang='lat' dir='ltr'>lex</span> <span class='ocrx_word' id='word_1_126' title='bbox 738 1451 851 1506; x_wconf 85' lang='lat' dir='ltr'>vetusta</span> <span class='ocrx_word' id='word_1_127' title='bbox 867 1451 919 1515; x_wconf 90' lang='lat' dir='ltr'>est,</span> <span class='ocrx_word' id='word_1_128' title='bbox 935 1444 1040 1524; x_wconf 85' lang='lat' dir='ltr'>priscis</span> <span class='ocrx_word' id='word_1_129' title='bbox 1053 1443 1090 1502; x_wconf 87' lang='lat' dir='ltr'>li-</span> 
     </span>
    </p>
   </div>
   <div class='ocr_carea' id='block_1_5' title="bbox 129 1524 1092 1610">
    <p class='ocr_par' dir='ltr' id='par_1_8' title="bbox 129 1524 1193 1619">
     <span class='ocr_line' id='line_1_16' title="bbox 129 1524 1092 1610; baseline -0.006 -17"><span class='ocrx_word' id='word_1_130' title='bbox 129 1533 200 1593; x_wconf 90' lang='lat' dir='ltr'>teris</span> <span class='ocrx_word' id='word_1_131' title='bbox 215 1529 371 1610; x_wconf 84' lang='lat' dir='ltr'>verbisque</span> <span class='ocrx_word' id='word_1_132' title='bbox 385 1530 510 1609; x_wconf 87' lang='lat' dir='ltr'>scripta,</span> <span class='ocrx_word' id='word_1_133' title='bbox 530 1537 564 1590; x_wconf 89' lang='lat' dir='ltr'>ut</span> <span class='ocrx_word' id='word_1_134' title='bbox 582 1530 633 1608; x_wconf 93' lang='lat' dir='ltr'>qui</span> <span class='ocrx_word' id='word_1_135' title='bbox 646 1535 766 1608; x_wconf 89' lang='lat' dir='ltr'>praetor</span> <span class='ocrx_word' id='word_1_136' title='bbox 780 1529 924 1591; x_wconf 83' lang='lat' dir='ltr'>maximus</span> <span class='ocrx_word' id='word_1_137' title='bbox 942 1528 979 1588; x_wconf 90' lang='lat' dir='ltr'>sit</span> <span class='ocrx_word' id='word_1_138' title='bbox 992 1524 1092 1587; x_wconf 89' lang='lat' dir='ltr'>idibus</span> 
     </span>
    </p>
   </div>
   <div class='ocr_carea' id='block_1_6' title="bbox 96 1609 1093 1860">
    <p class='ocr_par' dir='ltr' id='par_1_9' title="bbox 96 1609 1093 1860">
     <span class='ocr_line' id='line_1_17' title="bbox 129 1609 1093 1693; baseline -0.005 -17"><span class='ocrx_word' id='word_1_139' title='bbox 129 1612 355 1693; x_wconf 81' lang='lat' dir='ltr'>Septembribus</span> <span class='ocrx_word' id='word_1_140' title='bbox 373 1612 487 1675; x_wconf 86' lang='lat' dir='ltr'>clarum</span> <span class='ocrx_word' id='word_1_141' title='bbox 501 1619 625 1693; x_wconf 61' lang='lat' dir='ltr'>pangam</span> <span class='ocrx_word' id='word_1_142' title='bbox 644 1612 701 1672; x_wconf 82' lang='lat' dir='ltr'>lixa</span> <span class='ocrx_word' id='word_1_143' title='bbox 721 1611 776 1673; x_wconf 82' lang='lat' dir='ltr'>luit</span> <span class='ocrx_word' id='word_1_144' title='bbox 791 1609 895 1674; x_wconf 86' lang='lat' dir='ltr'>dextro</span> <span class='ocrx_word' id='word_1_145' title='bbox 910 1610 996 1672; x_wconf 92' lang='lat' dir='ltr'>lateri</span> <span class='ocrx_word' id='word_1_146' title='bbox 1010 1610 1093 1671; x_wconf 90' lang='lat' dir='ltr'>aedis</span> 
     </span>
     <span class='ocr_line' id='line_1_18' title="bbox 104 1694 1091 1776; baseline -0.006 -16"><span class='ocrx_word' id='word_1_147' title='bbox 104 1756 108 1762; x_wconf 85' lang='lat'><em>.</em></span> <span class='ocrx_word' id='word_1_148' title='bbox 129 1697 205 1759; x_wconf 83' lang='lat' dir='ltr'>loris</span> <span class='ocrx_word' id='word_1_149' title='bbox 222 1698 325 1776; x_wconf 91' lang='lat' dir='ltr'>optimi</span> <span class='ocrx_word' id='word_1_150' title='bbox 339 1698 475 1766; x_wconf 84' lang='lat' dir='ltr'>maximi,</span> <span class='ocrx_word' id='word_1_151' title='bbox 493 1714 529 1757; x_wconf 82' lang='lat' dir='ltr'>ex</span> <span class='ocrx_word' id='word_1_152' title='bbox 543 1715 600 1776; x_wconf 90' lang='lat' dir='ltr'>qua</span> <span class='ocrx_word' id='word_1_153' title='bbox 614 1703 698 1775; x_wconf 89' lang='lat' dir='ltr'>parte</span> <span class='ocrx_word' id='word_1_154' title='bbox 714 1695 861 1757; x_wconf 81' lang='lat' dir='ltr'>Minervae</span> <span class='ocrx_word' id='word_1_155' title='bbox 877 1694 1020 1774; x_wconf 88' lang='lat' dir='ltr'>templum</span> <span class='ocrx_word' id='word_1_156' title='bbox 1037 1700 1091 1756; x_wconf 88' lang='lat' dir='ltr'>est.</span> 
     </span>
     <span class='ocr_line' id='line_1_19' title="bbox 96 1777 1092 1860; baseline -0.001 -18"><span class='ocrx_word' id='word_1_157' title='bbox 96 1797 114 1849; x_wconf 81' lang='lat' dir='ltr'>a</span> <span class='ocrx_word' id='word_1_158' title='bbox 129 1799 196 1842; x_wconf 91' lang='lat' dir='ltr'>eum</span> <span class='ocrx_word' id='word_1_159' title='bbox 217 1779 338 1850; x_wconf 86' lang='lat' dir='ltr'>clarum,</span> <span class='ocrx_word' id='word_1_160' title='bbox 356 1780 423 1859; x_wconf 88' lang='lat' dir='ltr'>quia</span> <span class='ocrx_word' id='word_1_161' title='bbox 437 1797 523 1842; x_wconf 89' lang='lat' dir='ltr'>rarae</span> <span class='ocrx_word' id='word_1_162' title='bbox 537 1797 592 1860; x_wconf 91' lang='lat' dir='ltr'>per</span> <span class='ocrx_word' id='word_1_163' title='bbox 607 1797 641 1841; x_wconf 88' lang='lat' dir='ltr'>ea</span> <span class='ocrx_word' id='word_1_164' title='bbox 656 1787 788 1859; x_wconf 89' lang='lat' dir='ltr'>tempora</span> <span class='ocrx_word' id='word_1_165' title='bbox 802 1777 905 1840; x_wconf 90' lang='lat' dir='ltr'>literae</span> <span class='ocrx_word' id='word_1_166' title='bbox 920 1786 1020 1849; x_wconf 87' lang='lat' dir='ltr'>erant,</span> <span class='ocrx_word' id='word_1_167' title='bbox 1037 1796 1092 1841; x_wconf 88' lang='lat' dir='ltr'>no·</span> 
     </span>
    </p>
   </div>
   <div class='ocr_carea' id='block_1_7' title="bbox 95 1862 1193 1941">
    <p class='ocr_par' dir='ltr' id='par_1_10' title="bbox 95 1862 1193 1941">
     <span class='ocr_line' id='line_1_20' title="bbox 95 1862 1193 1941; baseline -0.006 -11"><span class='ocrx_word' id='word_1_168' title='bbox 95 1881 111 1930; x_wconf 81' lang='lat'>7</span> <span class='ocrx_word' id='word_1_169' title='bbox 127 1873 188 1929; x_wconf 88' lang='lat' dir='ltr'>tam</span> <span class='ocrx_word' id='word_1_170' title='bbox 204 1863 321 1925; x_wconf 90' lang='lat' dir='ltr'>numeri</span> <span class='ocrx_word' id='word_1_171' title='bbox 336 1880 480 1925; x_wconf 87' lang='lat' dir='ltr'>annorum</span> <span class='ocrx_word' id='word_1_172' title='bbox 496 1863 585 1927; x_wconf 82' lang='lat' dir='ltr'>luisse</span> <span class='ocrx_word' id='word_1_173' title='bbox 609 1863 724 1933; x_wconf 86' lang='lat' dir='ltr'>terunt,</span> <span class='ocrx_word' id='word_1_174' title='bbox 745 1880 839 1941; x_wconf 89' lang='lat' dir='ltr'>eoque</span> <span class='ocrx_word' id='word_1_175' title='bbox 853 1862 1001 1925; x_wconf 83' lang='lat' dir='ltr'>Minervae</span> <span class='ocrx_word' id='word_1_176' title='bbox 1015 1869 1092 1923; x_wconf 89' lang='lat' dir='ltr'>tem·</span> <span class='ocrx_word' id='word_1_177' title='bbox 1192 1896 1193 1901; x_wconf 21' lang='grc' dir='ltr'><strong>κ</strong></span> 
     </span>
    </p>
   </div>
   <div class='ocr_carea' id='block_1_8' title="bbox 16 1946 1095 2266">
    <p class='ocr_par' dir='ltr' id='par_1_11' title="bbox 16 1946 1094 2112">
     <span class='ocr_line' id='line_1_21' title="bbox 127 1946 1091 2028; baseline -0.003 -19"><span class='ocrx_word' id='word_1_178' title='bbox 127 1947 177 2028; x_wconf 91' lang='lat' dir='ltr'>plo</span> <span class='ocrx_word' id='word_1_179' title='bbox 191 1947 316 2009; x_wconf 86' lang='lat' dir='ltr'>dlectam</span> <span class='ocrx_word' id='word_1_180' title='bbox 335 1946 446 2026; x_wconf 85' lang='lat' dir='ltr'>legem,</span> <span class='ocrx_word' id='word_1_181' title='bbox 467 1949 534 2027; x_wconf 89' lang='lat' dir='ltr'>quia</span> <span class='ocrx_word' id='word_1_182' title='bbox 555 1964 696 2009; x_wconf 91' lang='lat' dir='ltr'>numerus</span> <span class='ocrx_word' id='word_1_183' title='bbox 710 1946 858 2009; x_wconf 84' lang='lat' dir='ltr'>Minervae</span> <span class='ocrx_word' id='word_1_184' title='bbox 877 1948 1027 2009; x_wconf 87' lang='lat' dir='ltr'>inventum</span> <span class='ocrx_word' id='word_1_185' title='bbox 1042 1947 1091 2007; x_wconf 92' lang='lat' dir='ltr'>sit.</span> 
     </span>
     <span class='ocr_line' id='line_1_22' title="bbox 16 2029 1094 2112; baseline -0.001 -20"><span class='ocrx_word' id='word_1_186' title='bbox 16 2030 19 2034; x_wconf 84' lang='grc'><strong>’</strong></span> <span class='ocrx_word' id='word_1_187' title='bbox 128 2031 265 2093; x_wconf 85' lang='lat' dir='ltr'>Volsiniis</span> <span class='ocrx_word' id='word_1_188' title='bbox 287 2048 403 2112; x_wconf 91' lang='lat' dir='ltr'>quoque</span> <span class='ocrx_word' id='word_1_189' title='bbox 425 2030 522 2100; x_wconf 80' lang='lat' dir='ltr'>clavos</span> <span class='ocrx_word' id='word_1_190' title='bbox 538 2031 651 2093; x_wconf 90' lang='lat' dir='ltr'>indices</span> <span class='ocrx_word' id='word_1_191' title='bbox 671 2031 788 2092; x_wconf 91' lang='lat' dir='ltr'>numeri</span> <span class='ocrx_word' id='word_1_192' title='bbox 805 2048 951 2094; x_wconf 90' lang='lat' dir='ltr'>annorum</span> <span class='ocrx_word' id='word_1_193' title='bbox 970 2029 1043 2091; x_wconf 86' lang='lat' dir='ltr'>fixos</span> <span class='ocrx_word' id='word_1_194' title='bbox 1058 2031 1094 2091; x_wconf 89' lang='lat' dir='ltr'>in</span> 
     </span>
    </p>

    <p class='ocr_par' dir='ltr' id='par_1_12' title="bbox 96 2112 1095 2266">
     <span class='ocr_line' id='line_1_23' title="bbox 128 2112 1093 2196; baseline -0.003 -20"><span class='ocrx_word' id='word_1_195' title='bbox 128 2114 239 2196; x_wconf 87' lang='lat' dir='ltr'>templo</span> <span class='ocrx_word' id='word_1_196' title='bbox 253 2114 389 2186; x_wconf 83' lang='lat' dir='ltr'>Nortiae,</span> <span class='ocrx_word' id='word_1_197' title='bbox 405 2115 546 2178; x_wconf 83' lang='lat' dir='ltr'>Etruscae</span> <span class='ocrx_word' id='word_1_198' title='bbox 560 2115 648 2187; x_wconf 89' lang='lat' dir='ltr'>deae,</span> <span class='ocrx_word' id='word_1_199' title='bbox 665 2132 830 2195; x_wconf 88' lang='lat' dir='ltr'>conparere</span> <span class='ocrx_word' id='word_1_200' title='bbox 845 2113 969 2194; x_wconf 79' lang='lat' dir='ltr'>diligens</span> <span class='ocrx_word' id='word_1_201' title='bbox 988 2112 1093 2174; x_wconf 90' lang='lat' dir='ltr'>talium</span> 
     </span>
     <span class='ocr_line' id='line_1_24' title="bbox 96 2196 1095 2266; baseline -0.009 0"><span class='ocrx_word' id='word_1_202' title='bbox 96 2214 113 2266; x_wconf 85' lang='lat'>8</span> <span class='ocrx_word' id='word_1_203' title='bbox 128 2205 385 2261; x_wconf 90' lang='lat' dir='ltr'>monumentorum</span> <span class='ocrx_word' id='word_1_204' title='bbox 404 2208 505 2262; x_wconf 88' lang='lat' dir='ltr'>auctor</span> <span class='ocrx_word' id='word_1_205' title='bbox 519 2199 637 2263; x_wconf 80' lang='lat' dir='ltr'>Cincius</span> <span class='ocrx_word' id='word_1_206' title='bbox 652 2198 796 2261; x_wconf 82' lang='lat' dir='ltr'>adfirmat.</span> <span class='ocrx_word' id='word_1_207' title='bbox 832 2198 970 2260; x_wconf 86' lang='lat' dir='ltr'>Horatius</span> <span class='ocrx_word' id='word_1_208' title='bbox 988 2196 1095 2258; x_wconf 89' lang='lat' dir='ltr'>consul</span> 
     </span>
    </p>
   </div>
   <div class='ocr_carea' id='block_1_9' title="bbox 94 2280 1192 2781">
    <p class='ocr_par' dir='ltr' id='par_1_13' title="bbox 94 2280 1192 2781">
     <span class='ocr_line' id='line_1_25' title="bbox 128 2280 1192 2364; baseline -0.002 -21"><span class='ocrx_word' id='word_1_209' title='bbox 128 2300 163 2344; x_wconf 89' lang='lat' dir='ltr'>ea</span> <span class='ocrx_word' id='word_1_210' title='bbox 178 2280 244 2361; x_wconf 82' lang='lat' dir='ltr'>lege</span> <span class='ocrx_word' id='word_1_211' title='bbox 258 2282 401 2363; x_wconf 86' lang='lat' dir='ltr'>templum</span> <span class='ocrx_word' id='word_1_212' title='bbox 416 2284 490 2345; x_wconf 82' lang='lat' dir='ltr'>loris</span> <span class='ocrx_word' id='word_1_213' title='bbox 508 2286 614 2364; x_wconf 89' lang='lat' dir='ltr'>optimi</span> <span class='ocrx_word' id='word_1_214' title='bbox 631 2283 752 2346; x_wconf 82' lang='lat' dir='ltr'>maximi</span> <span class='ocrx_word' id='word_1_215' title='bbox 768 2282 914 2345; x_wconf 83' lang='lat' dir='ltr'>dedicavit</span> <span class='ocrx_word' id='word_1_216' title='bbox 929 2299 1007 2344; x_wconf 90' lang='lat' dir='ltr'>anno</span> <span class='ocrx_word' id='word_1_217' title='bbox 1024 2291 1095 2360; x_wconf 89' lang='lat' dir='ltr'>post</span> <span class='ocrx_word' id='word_1_218' title='bbox 1191 2298 1192 2317; x_wconf 60' lang='lat'>¹</span> 
     </span>
     <span class='ocr_line' id='line_1_26' title="bbox 126 2365 1192 2451; baseline 0 -24"><span class='ocrx_word' id='word_1_219' title='bbox 126 2383 214 2444; x_wconf 81' lang='lat' dir='ltr'>reges</span> <span class='ocrx_word' id='word_1_220' title='bbox 227 2373 359 2435; x_wconf 70' lang='lat' dir='ltr'>arcemn</span> <span class='ocrx_word' id='word_1_221' title='bbox 381 2365 581 2430; x_wconf 89' lang='lat' dir='ltr'>aoonsulibus</span> <span class='ocrx_word' id='word_1_222' title='bbox 594 2375 697 2447; x_wconf 88' lang='lat' dir='ltr'>postea</span> <span class='ocrx_word' id='word_1_223' title='bbox 712 2366 749 2428; x_wconf 86' lang='lat' dir='ltr'>ad</span> <span class='ocrx_word' id='word_1_224' title='bbox 765 2366 932 2437; x_wconf 84' lang='lat' dir='ltr'>dictatores,</span> <span class='ocrx_word' id='word_1_225' title='bbox 949 2366 1017 2447; x_wconf 84' lang='lat' dir='ltr'>quia</span> <span class='ocrx_word' id='word_1_226' title='bbox 1027 2383 1094 2427; x_wconf 89' lang='lat' dir='ltr'>ma·</span> <span class='ocrx_word' id='word_1_227' title='bbox 1191 2368 1192 2451; x_wconf 69' lang='lat'><em>}</em></span> 
     </span>
     <span class='ocr_line' id='line_1_27' title="bbox 126 2448 1192 2529; baseline 0.003 -19"><span class='ocrx_word' id='word_1_228' title='bbox 126 2450 172 2511; x_wconf 89' lang='lat' dir='ltr'>ius</span> <span class='ocrx_word' id='word_1_229' title='bbox 187 2449 346 2529; x_wconf 87' lang='lat' dir='ltr'>imperium</span> <span class='ocrx_word' id='word_1_230' title='bbox 368 2456 445 2523; x_wconf 85' lang='lat' dir='ltr'>erat,</span> <span class='ocrx_word' id='word_1_231' title='bbox 466 2450 609 2513; x_wconf 87' lang='lat' dir='ltr'>sollemne</span> <span class='ocrx_word' id='word_1_232' title='bbox 624 2450 697 2512; x_wconf 86' lang='lat' dir='ltr'>clavi</span> <span class='ocrx_word' id='word_1_233' title='bbox 710 2450 822 2528; x_wconf 82' lang='lat' dir='ltr'>ligendi</span> <span class='ocrx_word' id='word_1_234' title='bbox 838 2448 1012 2512; x_wconf 90' lang='lat' dir='ltr'>translatum</span> <span class='ocrx_word' id='word_1_235' title='bbox 1030 2454 1093 2520; x_wconf 92' lang='lat' dir='ltr'>est;</span> <span class='ocrx_word' id='word_1_236' title='bbox 1191 2510 1192 2513; x_wconf 74' lang='grc'>,</span> 
     </span>
     <span class='ocr_line' id='line_1_28' title="bbox 125 2528 1192 2615; baseline -0.002 -20"><span class='ocrx_word' id='word_1_237' title='bbox 125 2534 296 2596; x_wconf 89' lang='lat' dir='ltr'>intermisso</span> <span class='ocrx_word' id='word_1_238' title='bbox 316 2533 421 2595; x_wconf 90' lang='lat' dir='ltr'>deinde</span> <span class='ocrx_word' id='word_1_239' title='bbox 437 2552 521 2596; x_wconf 91' lang='lat' dir='ltr'>more</span> <span class='ocrx_word' id='word_1_240' title='bbox 536 2535 623 2614; x_wconf 78' lang='lat' dir='ltr'>digna</span> <span class='ocrx_word' id='word_1_241' title='bbox 638 2535 727 2595; x_wconf 89' lang='lat' dir='ltr'>etlam</span> <span class='ocrx_word' id='word_1_242' title='bbox 741 2552 797 2615; x_wconf 91' lang='lat' dir='ltr'>per</span> <span class='ocrx_word' id='word_1_243' title='bbox 811 2552 844 2597; x_wconf 92' lang='lat' dir='ltr'>se</span> <span class='ocrx_word' id='word_1_244' title='bbox 858 2535 919 2595; x_wconf 81' lang='lat' dir='ltr'>dsa</span> <span class='ocrx_word' id='word_1_245' title='bbox 933 2551 997 2603; x_wconf 90' lang='lat' dir='ltr'>res,</span> <span class='ocrx_word' id='word_1_246' title='bbox 1020 2552 1094 2613; x_wconf 89' lang='lat' dir='ltr'>pro·</span> <span class='ocrx_word' id='word_1_247' title='bbox 1191 2528 1192 2601; x_wconf 65' lang='grc' dir='ltr'>ξ</span> 
     </span>
     <span class='ocr_line' id='line_1_29' title="bbox 94 2604 1192 2697; baseline 0.001 -19"><span class='ocrx_word' id='word_1_248' title='bbox 94 2635 112 2688; x_wconf 79' lang='lat'>9</span> <span class='ocrx_word' id='word_1_249' title='bbox 125 2625 193 2696; x_wconf 87' lang='lat' dir='ltr'>pter</span> <span class='ocrx_word' id='word_1_250' title='bbox 213 2635 301 2696; x_wconf 89' lang='lat' dir='ltr'>quam</span> <span class='ocrx_word' id='word_1_251' title='bbox 325 2617 450 2680; x_wconf 81' lang='lat' dir='ltr'>dictatm</span> <span class='ocrx_word' id='word_1_252' title='bbox 472 2626 634 2683; x_wconf 87' lang='lat' dir='ltr'>crearetur.</span> <span class='ocrx_word' id='word_1_253' title='bbox 674 2635 732 2697; x_wconf 85' lang='lat' dir='ltr'>qua</span> <span class='ocrx_word' id='word_1_254' title='bbox 754 2616 791 2679; x_wconf 92' lang='lat' dir='ltr'>de</span> <span class='ocrx_word' id='word_1_255' title='bbox 812 2634 899 2680; x_wconf 84' lang='lat' dir='ltr'>eausa</span> <span class='ocrx_word' id='word_1_256' title='bbox 923 2625 1040 2680; x_wconf 91' lang='lat' dir='ltr'>creatus</span> <span class='ocrx_word' id='word_1_257' title='bbox 1055 2616 1093 2679; x_wconf 89' lang='lat' dir='ltr'>L.</span> <span class='ocrx_word' id='word_1_258' title='bbox 1191 2604 1192 2639; x_wconf 56' lang='lat'>¹</span> 
     </span>
     <span class='ocr_line' id='line_1_30' title="bbox 126 2694 1192 2781; baseline 0.001 -19"><span class='ocrx_word' id='word_1_259' title='bbox 126 2696 264 2771; x_wconf 82' lang='lat' dir='ltr'>Manlius,</span> <span class='ocrx_word' id='word_1_260' title='bbox 282 2700 407 2778; x_wconf 87' lang='lat' dir='ltr'>perinde</span> <span class='ocrx_word' id='word_1_261' title='bbox 421 2719 455 2762; x_wconf 89' lang='lat' dir='ltr'>ao</span> <span class='ocrx_word' id='word_1_262' title='bbox 471 2702 516 2761; x_wconf 88' lang='lat' dir='ltr'>rei</span> <span class='ocrx_word' id='word_1_263' title='bbox 530 2700 667 2781; x_wconf 84' lang='lat' dir='ltr'>publicae</span> <span class='ocrx_word' id='word_1_264' title='bbox 683 2701 831 2780; x_wconf 79' lang='lat' dir='ltr'>gerendae</span> <span class='ocrx_word' id='word_1_265' title='bbox 847 2720 883 2764; x_wconf 91' lang='lat' dir='ltr'>ac</span> <span class='ocrx_word' id='word_1_266' title='bbox 899 2719 961 2764; x_wconf 90' lang='lat' dir='ltr'>non</span> <span class='ocrx_word' id='word_1_267' title='bbox 975 2701 1092 2763; x_wconf 84' lang='lat' dir='ltr'>solren·</span> <span class='ocrx_word' id='word_1_268' title='bbox 1191 2694 1192 2733; x_wconf 72' lang='lat'><em>³</em></span> 
     </span>
    </p>
   </div>
   <div class='ocr_carea' id='block_1_10' title="bbox 92 2780 1094 3456">
    <p class='ocr_par' dir='ltr' id='par_1_14' title="bbox 125 2780 1094 3097">
     <span class='ocr_line' id='line_1_31' title="bbox 126 2780 1093 2862; baseline 0.005 -18"><span class='ocrx_word' id='word_1_269' title='bbox 126 2781 181 2844; x_wconf 84' lang='lat' dir='ltr'>dae</span> <span class='ocrx_word' id='word_1_270' title='bbox 196 2780 340 2860; x_wconf 81' lang='lat' dir='ltr'>religione</span> <span class='ocrx_word' id='word_1_271' title='bbox 354 2785 448 2862; x_wconf 80' lang='lat' dir='ltr'>gratia</span> <span class='ocrx_word' id='word_1_272' title='bbox 463 2791 580 2847; x_wconf 87' lang='lat' dir='ltr'>oreatus</span> <span class='ocrx_word' id='word_1_273' title='bbox 595 2792 693 2856; x_wconf 85' lang='lat' dir='ltr'>esset‚&#39;</span> <span class='ocrx_word' id='word_1_274' title='bbox 706 2783 817 2848; x_wconf 88' lang='lat' dir='ltr'>bellum</span> <span class='ocrx_word' id='word_1_275' title='bbox 832 2785 995 2849; x_wconf 87' lang='lat' dir='ltr'>Hernicum</span> <span class='ocrx_word' id='word_1_276' title='bbox 1008 2782 1093 2849; x_wconf 86' lang='lat' dir='ltr'>adie-</span> 
     </span>
     <span class='ocr_line' id='line_1_32' title="bbox 126 2864 1093 2951; baseline 0.003 -23"><span class='ocrx_word' id='word_1_277' title='bbox 126 2872 209 2928; x_wconf 88' lang='lat' dir='ltr'>ctans</span> <span class='ocrx_word' id='word_1_278' title='bbox 224 2864 333 2927; x_wconf 87' lang='lat' dir='ltr'>dilectu</span> <span class='ocrx_word' id='word_1_279' title='bbox 347 2867 454 2928; x_wconf 90' lang='lat' dir='ltr'>acerbo</span> <span class='ocrx_word' id='word_1_280' title='bbox 468 2868 648 2931; x_wconf 83' lang='lat' dir='ltr'>iuventutem</span> <span class='ocrx_word' id='word_1_281' title='bbox 662 2870 787 2949; x_wconf 77' lang='lat' dir='ltr'>agitavit,</span> <span class='ocrx_word' id='word_1_282' title='bbox 802 2869 981 2951; x_wconf 88' lang='lat' dir='ltr'>tandemque</span> <span class='ocrx_word' id='word_1_283' title='bbox 996 2872 1093 2931; x_wconf 89' lang='lat' dir='ltr'>omni·</span> 
     </span>
     <span class='ocr_line' id='line_1_33' title="bbox 125 2948 1094 3033; baseline 0.006 -21"><span class='ocrx_word' id='word_1_284' title='bbox 125 2948 182 3012; x_wconf 92' lang='lat' dir='ltr'>bus</span> <span class='ocrx_word' id='word_1_285' title='bbox 200 2951 231 3010; x_wconf 88' lang='lat' dir='ltr'>in</span> <span class='ocrx_word' id='word_1_286' title='bbox 255 2967 323 3011; x_wconf 90' lang='lat' dir='ltr'>eum</span> <span class='ocrx_word' id='word_1_287' title='bbox 342 2949 470 3013; x_wconf 86' lang='lat' dir='ltr'>tribunis</span> <span class='ocrx_word' id='word_1_288' title='bbox 486 2952 582 3033; x_wconf 85' lang='lat' dir='ltr'>plebis</span> <span class='ocrx_word' id='word_1_289' title='bbox 604 2954 713 3015; x_wconf 88' lang='lat' dir='ltr'>coortis</span> <span class='ocrx_word' id='word_1_290' title='bbox 733 2972 786 3016; x_wconf 91' lang='lat' dir='ltr'>seu</span> <span class='ocrx_word' id='word_1_291' title='bbox 802 2956 830 3015; x_wconf 83' lang='lat' dir='ltr'>vi</span> <span class='ocrx_word' id='word_1_292' title='bbox 845 2972 898 3017; x_wconf 90' lang='lat' dir='ltr'>seu</span> <span class='ocrx_word' id='word_1_293' title='bbox 913 2954 1094 3018; x_wconf 90' lang='lat' dir='ltr'>verecundia</span> 
     </span>
     <span class='ocr_line' id='line_1_34' title="bbox 126 3033 551 3097; baseline 0 -2"><span class='ocrx_word' id='word_1_294' title='bbox 126 3034 220 3095; x_wconf 85' lang='lat' dir='ltr'>rictus</span> <span class='ocrx_word' id='word_1_295' title='bbox 234 3033 377 3095; x_wconf 86' lang='lat' dir='ltr'>dictatura</span> <span class='ocrx_word' id='word_1_296' title='bbox 395 3034 474 3097; x_wconf 89' lang='lat' dir='ltr'>abiit.</span> <span class='ocrx_word' id='word_1_297' title='bbox 548 3092 551 3095; x_wconf 87' lang='grc'><em>,</em></span> 
     </span>
    </p>

    <p class='ocr_par' dir='ltr' id='par_1_15' title="bbox 95 3116 1092 3270">
     <span class='ocr_line' id='line_1_35' title="bbox 95 3116 1092 3203; baseline 0.009 -27"><span class='ocrx_word' id='word_1_298' title='bbox 95 3123 109 3176; x_wconf 85' lang='grc'>1</span> <span class='ocrx_word' id='word_1_299' title='bbox 169 3126 170 3129; x_wconf 75' lang='grc'>’</span> <span class='ocrx_word' id='word_1_300' title='bbox 185 3116 231 3180; x_wconf 91' lang='lat' dir='ltr'>1v.</span> <span class='ocrx_word' id='word_1_301' title='bbox 253 3117 355 3198; x_wconf 90' lang='lat' dir='ltr'>Neque</span> <span class='ocrx_word' id='word_1_302' title='bbox 371 3136 407 3181; x_wconf 92' lang='lat' dir='ltr'>eo</span> <span class='ocrx_word' id='word_1_303' title='bbox 418 3122 517 3184; x_wconf 90' lang='lat' dir='ltr'>minus</span> <span class='ocrx_word' id='word_1_304' title='bbox 527 3122 674 3202; x_wconf 88' lang='lat' dir='ltr'>principio</span> <span class='ocrx_word' id='word_1_305' title='bbox 691 3122 873 3203; x_wconf 86' lang='lat' dir='ltr'>insequentis</span> <span class='ocrx_word' id='word_1_306' title='bbox 888 3126 960 3184; x_wconf 88' lang='lat' dir='ltr'>anni</span> <span class='ocrx_word' id='word_1_307' title='bbox 972 3122 1006 3196; x_wconf 83' lang='lat' dir='ltr'>Q.</span> <span class='ocrx_word' id='word_1_308' title='bbox 1019 3124 1092 3185; x_wconf 81' lang='lat' dir='ltr'>Ser·</span> 
     </span>
     <span class='ocr_line' id='line_1_36' title="bbox 125 3199 1092 3270; baseline 0.008 -8"><span class='ocrx_word' id='word_1_309' title='bbox 125 3199 194 3262; x_wconf 82' lang='lat' dir='ltr'>vilio</span> <span class='ocrx_word' id='word_1_310' title='bbox 207 3201 298 3265; x_wconf 79' lang='lat' dir='ltr'>lhala</span> <span class='ocrx_word' id='word_1_311' title='bbox 311 3202 344 3266; x_wconf 87' lang='lat' dir='ltr'>L.</span> <span class='ocrx_word' id='word_1_312' title='bbox 360 3203 491 3266; x_wconf 83' lang='lat' dir='ltr'>Genucio</span> <span class='ocrx_word' id='word_1_313' title='bbox 509 3204 679 3267; x_wconf 88' lang='lat' dir='ltr'>consulibus</span> <span class='ocrx_word' id='word_1_314' title='bbox 698 3205 760 3266; x_wconf 91' lang='lat' dir='ltr'>dies</span> <span class='ocrx_word' id='word_1_315' title='bbox 774 3205 883 3268; x_wconf 85' lang='lat' dir='ltr'>Manlio</span> <span class='ocrx_word' id='word_1_316' title='bbox 900 3206 1008 3268; x_wconf 89' lang='lat' dir='ltr'>dicitur</span> <span class='ocrx_word' id='word_1_317' title='bbox 1021 3207 1092 3270; x_wconf 83' lang='lat' dir='ltr'>abl.</span> 
     </span>
    </p>

    <p class='ocr_par' dir='ltr' id='par_1_16' title="bbox 92 3286 1093 3456">
     <span class='ocr_line' id='line_1_37' title="bbox 92 3286 1093 3369; baseline 0.013 -28"><span class='ocrx_word' id='word_1_318' title='bbox 92 3286 289 3366; x_wconf 75' lang='lat' dir='ltr'>tPomponio</span> <span class='ocrx_word' id='word_1_319' title='bbox 305 3286 425 3350; x_wconf 88' lang='lat' dir='ltr'>tribuno</span> <span class='ocrx_word' id='word_1_320' title='bbox 440 3287 544 3369; x_wconf 89' lang='lat' dir='ltr'>plebis.</span> <span class='ocrx_word' id='word_1_321' title='bbox 573 3288 718 3357; x_wconf 85' lang='lat' dir='ltr'>acerbitas</span> <span class='ocrx_word' id='word_1_322' title='bbox 732 3291 764 3351; x_wconf 91' lang='lat' dir='ltr'>in</span> <span class='ocrx_word' id='word_1_323' title='bbox 780 3289 890 3352; x_wconf 87' lang='lat' dir='ltr'>dilectu</span> <span class='ocrx_word' id='word_1_324' title='bbox 904 3309 966 3354; x_wconf 88' lang='lat' dir='ltr'>non</span> <span class='ocrx_word' id='word_1_325' title='bbox 980 3291 1093 3355; x_wconf 87' lang='lat' dir='ltr'>damno</span> 
     </span>
     <span class='ocr_line' id='line_1_38' title="bbox 123 3370 1093 3456; baseline 0.007 -25"><span class='ocrx_word' id='word_1_326' title='bbox 123 3370 212 3432; x_wconf 90' lang='lat' dir='ltr'>modo</span> <span class='ocrx_word' id='word_1_327' title='bbox 230 3371 346 3442; x_wconf 82' lang='lat' dir='ltr'>civium,</span> <span class='ocrx_word' id='word_1_328' title='bbox 358 3372 410 3433; x_wconf 92' lang='lat' dir='ltr'>sed</span> <span class='ocrx_word' id='word_1_329' title='bbox 425 3373 513 3434; x_wconf 87' lang='lat' dir='ltr'>etlam</span> <span class='ocrx_word' id='word_1_330' title='bbox 526 3372 705 3435; x_wconf 86' lang='lat' dir='ltr'>laceratione</span> <span class='ocrx_word' id='word_1_331' title='bbox 719 3391 879 3454; x_wconf 90' lang='lat' dir='ltr'>corporum</span> <span class='ocrx_word' id='word_1_332' title='bbox 893 3374 962 3446; x_wconf 85' lang='lat' dir='ltr'>lata,</span> <span class='ocrx_word' id='word_1_333' title='bbox 979 3378 1093 3456; x_wconf 90' lang='lat' dir='ltr'>partim</span> 
     </span>
    </p>
   </div>
   <div class='ocr_carea' id='block_1_11' title="bbox 123 3454 1092 3540">
    <p class='ocr_par' dir='ltr' id='par_1_17' title="bbox 5 3454 1092 3540">
     <span class='ocr_line' id='line_1_39' title="bbox 123 3454 1092 3540; baseline 0.014 -28.372"><span class='ocrx_word' id='word_1_334' title='bbox 123 3454 213 3532; x_wconf 76' lang='lat' dir='ltr'>virgis</span> <span class='ocrx_word' id='word_1_335' title='bbox 228 3455 320 3516; x_wconf 87' lang='lat' dir='ltr'>caesis</span> <span class='ocrx_word' id='word_1_336' title='bbox 350 3457 401 3521; x_wconf 84' lang='lat' dir='ltr'>cul</span> <span class='ocrx_word' id='word_1_337' title='bbox 416 3454 454 3517; x_wconf 84' lang='lat' dir='ltr'>ad</span> <span class='ocrx_word' id='word_1_338' title='bbox 471 3457 591 3520; x_wconf 89' lang='lat' dir='ltr'>nomina</span> <span class='ocrx_word' id='word_1_339' title='bbox 604 3474 667 3519; x_wconf 89' lang='lat' dir='ltr'>non</span> <span class='ocrx_word' id='word_1_340' title='bbox 680 3458 917 3538; x_wconf 87' lang='lat' dir='ltr'>respondissent.</span> <span class='ocrx_word' id='word_1_341' title='bbox 934 3463 1045 3540; x_wconf 87' lang='lat' dir='ltr'>partim</span> <span class='ocrx_word' id='word_1_342' title='bbox 1059 3465 1092 3525; x_wconf 92' lang='lat' dir='ltr'>in</span> 
     </span>
    </p>
   </div>
   <div class='ocr_carea' id='block_1_12' title="bbox 0 0 1202 3920">
    <p class='ocr_par' dir='ltr' id='par_1_18' title="bbox 0 0 1202 3920">
     <span class='ocr_line' id='line_1_40' title="bbox 0 0 1202 3920; baseline 0 0"><span class='ocrx_word' id='word_1_343' title='bbox 0 0 1202 3920; x_wconf 95' lang='lat' dir='ltr'> </span> 
     </span>
    </p>
   </div>
  </div>
 </body>
</html>
