2350 3922
176 226 240 291 298
351 247 445 287 omne
458 246 536 287 xm.
553 244 621 286 oar.
636 231 680 282 40.
696 231 738 282 41.
757 221 799 302 [a.
815 245 845 285 u.
862 245 886 285 o.
901 220 963 302 538]

180 394 338 476 quentibus
361 392 541 471 primoribus
567 397 698 470 patrum:
730 389 880 468 plebeium
905 391 1047 452 consulem
1068 407 1109 450 sua
1136 414 1138 423 ¹

178 481 281 559 plebes
301 483 470 558 prosecuta,
493 474 579 536 turba
599 475 798 551 conspectior,
821 493 889 536 cum
908 475 1053 553 dignitates
1070 472 1108 531 de·

180 570 288 625 essent.

139 664 157 714 o
243 647 325 710 Utin
341 652 434 707 castra
450 652 607 713 venerunt,
629 647 775 722 permixto
795 662 870 705 novo
892 645 1019 704 exercitu
1032 657 1108 702 acre·
1138 686 1139 689 ,

179 739 243 792 tere
258 732 364 791 castris
376 729 510 813 bifariam
527 729 619 796 iactis,
629 735 668 789 ut
682 737 755 789 nov'a
773 730 887 788 minora
905 734 1000 787 essent
1013 725 1109 805 propios

179 813 383 880 Hannibalem,
396 815 426 873 in
438 810 587 873 veteribus
597 813 691 872 maior
701 830 770 891 pars
782 818 812 871 et
826 830 915 872 omne
927 811 1017 872 robur
1026 810 1110 868 virium
1139 848 1140 907 t

139 917 157 969 e
181 906 273 967 esset,
291 896 445 958 consulum
460 897 531 955 anni
544 896 652 974 prioris
665 896 703 957 Μ.
718 894 840 957 Atilium
855 901 980 956 aetatem
995 907 1109 955 excusau-
1139 914 1140 943 t

180 989 239 1042 tent
255 980 379 1042 Romam
393 982 551 1047 miserunt,
573 978 731 1039 Geminum
746 979 902 1040 Servilium
922 980 953 1040 in
972 974 1109 1040 minoribus

180 1066 286 1125 castris
305 1063 414 1139 legioni
433 1062 583 1122 Romanae
609 1068 638 1122 et
659 1065 771 1124 socium
791 1062 925 1140 peditum
951 1064 1109 1141 equitumque

140 1170 157 1216 7
181 1147 295 1207 duobus
308 1144 429 1206 milibus
440 1145 623 1222 praeficiunt.
649 1144 794 1207 Hannibal
805 1161 982 1225 quamquam
996 1151 1069 1224 parte
1080 1140 1109 1200 di·

181 1229 271 1291 midia
285 1236 385 1289 auctas
396 1229 526 1288 hostium
541 1230 640 1307 copias
652 1229 800 1298 cernebat
816 1237 917 1291 tamen
931 1228 1109 1290 adsentator·
1140 1226 1141 1299 i

138 1332 158 1384 8
180 1315 276 1375 sulum
298 1314 372 1373 mire
391 1312 530 1389 gaudere.
561 1329 622 1372 non
641 1313 735 1374 solum
758 1315 836 1374 enim
857 1313 932 1374 nihil
952 1331 987 1375 ex
1002 1309 1110 1390 rapticio

181 1398 259 1458 diem
274 1396 485 1458 commeatibus
495 1395 662 1474 superabat,
679 1396 731 1457 sed
747 1415 785 1457 ne
797 1396 878 1457 unde
889 1393 1109 1475 raperetquiden

181 1484 337 1562 quicquam
352 1479 459 1559 reliqui
474 1490 537 1541 erat
552 1481 633 1540 omni
653 1481 783 1557 undique
798 1481 964 1552 frumento,
985 1486 1108 1560 postquam

139 1584 159 1635 9
182 1584 254 1644 ager
267 1583 371 1645 parum
387 1572 466 1626 tutus
481 1570 559 1632 erat,
580 1564 610 1623 in
625 1562 715 1624 urbes
729 1566 857 1625 monitos
872 1572 1028 1633 convecto,
1041 1561 1109 1624 utrix

137 1664 142 1669 ’
182 1651 284 1712 decem
304 1649 435 1715 dierum,
461 1647 541 1724 quod
562 1655 736 1725 coopertum
756 1654 858 1726 postca
879 1658 939 1718 est,
960 1650 1109 1709 trumentum

181 1741 363 1811 superesset,
384 1731 640 1810 Hispanorumque
661 1731 700 1791 ob
724 1733 854 1809 inopiam
873 1734 1012 1794 transitio
1036 1732 1109 1808 parata

181 1818 282 1884 fuerit,
299 1818 324 1875 si
338 1817 490 1876 maturitas
505 1823 672 1893 temporum
687 1822 839 1895 expectata
853 1816 943 1877 ioret.

143 1916 157 1967 1
244 1897 315 1958 XLI.
347 1897 486 1958 Ceterum
499 1899 658 1958 temeritati
678 1898 805 1959 consulis
825 1916 859 1959 ac
879 1913 1070 1979 praepropero
1080 1894 1109 1950 io·

181 1983 269 2059 genio
283 1984 437 2041 materiam
454 1983 542 2041 etiam
557 1981 674 2041 iortuna
690 1982 786 2053 dedit,
806 1983 885 2066 quod
899 1985 933 2044 in
949 1972 1110 2062 prohibendis

181 2063 406 2144 praedatoribus
419 2063 616 2125 tumultuario
627 2066 742 2143 proelio
756 2084 790 2126 ac
804 2084 951 2145 procursu
973 2065 1057 2141 magis
1073 2057 1110 2118 mi·

119 2167 121 2171 ·
181 2148 265 2210 litum
291 2166 377 2228 quam
400 2165 437 2207 ex
461 2156 636 2227 praeparato
661 2155 711 2209 aut
732 2152 812 2210 iussu
835 2153 1043 2228 imperatorum
1065 2146 1109 2202 ortt
1143 2192 1144 2227 3

142 2251 160 2302 2
181 2233 405 2313 haudquaquam
421 2250 475 2310 par
489 2230 597 2292 Poenis
612 2231 761 2293 dimicatio
780 2235 843 2294 iuit.
874 2233 910 2295 ad
933 2232 1013 2295 mille
1026 2236 1051 2290 et
1062 2240 1109 2301 sap·

181 2319 306 2395 tingenti
321 2318 398 2378 oaesi
412 2334 472 2376 oon
493 2315 561 2394 pius
582 2324 700 2377 centum
715 2317 916 2377 Romanorum
931 2319 1109 2383 sociorumque

182 2403 296 2462 occisis.
327 2407 458 2460 ceterum
473 2399 634 2461 victoribus
650 2402 741 2460 effuse
757 2400 950 2479 sequentibus
971 2404 1047 2460 meto
1059 2389 1107 2453 iod

142 2500 160 2554 a
182 2483 295 2545 diarum
308 2482 420 2544 obstitit
431 2483 538 2544 Paulus
550 2483 662 2552 consol,
680 2486 763 2544 ouius
778 2503 813 2545 eo
825 2485 872 2545 die
884 2518 926 2530 -
938 2502 1005 2545 nam
1017 2473 1108 2542 alterni

180 2567 388 2647 imperitabant
399 2569 608 2645 -imperium
624 2574 695 2637 erat,
711 2566 842 2629 Varrone
857 2567 1026 2645 indignante
1036 2572 1107 2622 acd-

181 2653 321 2713 ciserante
335 2652 477 2713 emissum
493 2650 609 2711 bostem
625 2670 641 2711 e
655 2652 791 2713 manibus
802 2650 1010 2728 debellarique,
1026 2648 1053 2706 ni
1064 2655 1107 2702 co·

140 2754 159 2800 4
181 2742 277 2795 satum
292 2736 384 2800 foret,
405 2736 546 2812 potuisse.
576 2733 720 2795 Hannibal
742 2736 771 2794 id
787 2735 926 2797 damnum
940 2733 1017 2794 baud
1031 2738 1106 2803 aeger·

181 2818 256 2877 rime
265 2820 339 2895 pati:
357 2817 426 2896 quin
438 2820 535 2894 potius
545 2818 668 2878 credere
680 2819 760 2879 velut
770 2822 930 2902 inescatam
941 2815 1106 2878 temeritatem

140 2917 158 2968 5
182 2902 337 2960 ferocioris
358 2898 487 2959 consulis
508 2918 542 2961 ac
556 2918 700 2963 novorum
719 2904 845 2963 maximo
863 2902 986 2963 miiitum
1002 2914 1066 2959 asse.
1088 2891 1106 2944 ⁰¹

182 2985 279 3045 omnia
300 2984 326 3042 ei
346 2981 475 3043 hostium
494 2981 572 3044 baud
593 3002 680 3047 secus
701 2990 792 3066 quani
805 3005 857 3047 sua
872 2994 940 3046 nota
955 2989 1047 3045 erant:
1064 2973 1105 3033 dit

127 3075 140 3083 ”
181 3067 293 3130 similes
301 3065 511 3146 discordesque
521 3068 701 3147 imperitare,
714 3070 785 3132 duas
797 3087 889 3150 prope
900 3074 997 3147 partes
1004 3067 1104 3148 tironum

142 3168 160 3218 e
182 3150 307 3212 miiitum
322 3153 353 3211 in
369 3153 500 3211 exercitu
516 3169 592 3212 esse.
622 3154 722 3234 itaque
737 3154 835 3215 iocum
850 3161 880 3215 et
894 3160 1007 3229 tempos
1019 3138 1106 3206 insidili

184 3240 287 3309 aptum
300 3253 332 3294 se
347 3232 456 3295 babere
470 3240 565 3303 ratus,
587 3234 674 3297 nocte
688 3239 822 3315 proxima
837 3237 907 3298 nihii
922 3238 1035 3315 praeter
1046 3233 1105 3286 qna

181 3314 297 3375 terente
311 3334 410 3377 seeum
426 3315 519 3377 milito
533 3325 628 3380 castra
643 3319 730 3399 plena
746 3322 840 3382 omnis
854 3321 987 3382 romonae
1000 3307 1105 3400 putueo

36 3428 109 3449 st*-
144 3413 160 3461 7
182 3396 368 3474 privataeque
384 3398 533 3478 relinquit,
550 3410 689 3482 transque
702 3406 854 3483 proximos
867 3404 973 3464 montis
987 3398 1056 3458 taem
1067 3400 1104 3466 pt·

183 3475 257 3534 dites
276 3479 436 3539 instructos
458 3484 572 3557 condit,
595 3484 697 3547 dextra
712 3491 839 3566 equites,
860 3484 1054 3566 impedimenta
1066 3478 1105 3548 pet
