2290 3920
134 247 194 310 262
329 261 420 302 arnna
431 259 506 300 mr.
523 259 591 301 car.
606 247 631 297 2.
645 246 670 298 3.
689 236 728 319 [a.
744 260 775 300 n.
793 260 818 300 c.
833 233 894 318 537]

109 411 181 470 anis
192 407 322 473 medium
337 413 427 477 esset,
449 407 621 487 novissimos
639 407 683 465 ire
705 407 829 491 equites,
848 405 995 483 Magonem
1008 403 1066 463 inda

429 487 457 504 η.
513 481 534 491 ,ι
553 482 575 490 ,ι
641 483 644 489 t
825 484 830 489 .

859 488 898 503 ,ιο

135 510 205 561 cum
216 490 358 570 expellitis
373 488 505 560 Nunndis
526 507 632 567 cogere
650 506 770 567 agmen,
793 506 917 567 manime
931 461 1078 571 (iffi

67 644 71 649 ,
135 576 231 636 taedio
246 573 356 635 laboris
371 572 533 651 longaeque
550 575 625 643 riae,
649 580 681 633 ut
695 578 739 632 est
755 571 851 634 mollis
872 568 908 651 aql
919 566 1066 649 talia'gens

61 656 80 817 5
108 658 337 720 odilaberentur
358 663 408 718 aut
435 656 643 725 subsisterent,
669 656 865 717 cohibentem.
903 655 1068 734 primique

135 741 223 804 modo
238 743 387 820 praeirent
409 739 512 811 duces,
539 757 593 819 per
608 738 754 818 praealtas
775 738 855 801 ilarii
879 756 912 800 ac
926 736 1068 818 profundas

69 818 78 871 f
129 827 288 904 ,voragines
310 825 407 885 hausti
433 841 528 902 paene
554 823 625 884 limo
650 824 907 901 inmergentesque
932 841 963 882 se
986 828 1063 881 tamer

70 898 79 985 ξ
107 913 218 990 oslgna
233 907 439 987 sequebantur.
472 906 546 968 Galli
561 924 658 986 neque
673 908 818 967 sustinere
838 922 871 965 se
891 904 1016 985 prolapsi
1028 921 1070 963 ne·

97 1024 101 1030 1
136 1012 192 1074 qne
216 992 375 1070 adsurgere
398 1009 433 1053 ex
454 990 641 1069 voraginibus
663 997 806 1069 poterant·
819 1007 875 1057 aec
899 998 949 1051 aut
963 1004 1069 1066 corpora
1118 1000 1119 1017 i

67 1024 80 1163 Ι
108 1077 240 1145 lanimis
260 1081 309 1136 aut
328 1076 439 1134 animos
460 1091 513 1152 spa
533 1073 729 1144 sustinebant,
750 1072 799 1133 alii
820 1073 897 1135 iessa
919 1090 1003 1151 aegre
1024 1078 1069 1130 tra·
1117 1086 1118 1091 ¹

67 1170 72 1185 ‘
135 1161 239 1222 hentes
254 1155 402 1226 membra,
425 1155 488 1227 alii,
505 1156 555 1217 ubi
571 1156 662 1217 semel
682 1158 764 1218 victis
786 1156 884 1219 medio
900 1158 1001 1218 animis
1015 1172 1070 1234 pro·

71 1244 77 1255 ”
135 1242 313 1311 eubmssent,
326 1241 402 1300 inter
413 1241 579 1301 iumentaet
589 1241 652 1318 ipsa
663 1241 787 1302 iacentia
799 1243 908 1320 passim
920 1242 1070 1302 morientes.
1119 1308 1120 1317 ἵ

76 1308 88 1421 ξ
135 1326 318 1405 maximeque
336 1325 468 1386 omnium
482 1323 597 1402 vigiliae
616 1323 809 1385 conficiebant
824 1342 881 1402 per
895 1323 1070 1405 quadriduum

82 1434 87 1455 ι
107 1413 193 1472 eiam
200 1416 229 1469 et
245 1418 304 1470 tres
317 1415 418 1470 noctes
428 1407 577 1469 toleratae.
606 1425 673 1468 cum
685 1409 783 1469 omnia
794 1407 994 1470 obtinentibus
1005 1405 1071 1484 aquis

84 1502 92 1583 ἴ,
135 1492 221 1564 nihil,
238 1493 288 1555 nbi
303 1495 333 1554 in
350 1494 428 1554 sicco
443 1492 520 1554 fessa
534 1498 702 1552 sternerent
720 1508 859 1573 corpora,
885 1492 1006 1554 inveniri
1018 1505 1070 1569 pos·

135 1587 194 1648 set,
211 1577 367 1639 cumulatis
381 1577 412 1636 in
428 1594 502 1655 aqua
518 1575 642 1636 sarcinis
656 1577 778 1654 insuper
796 1574 1018 1645 lncrrmbebant,
1031 1577 1072 1632 out
1119 1614 1121 1639 ,a

135 1664 335 1724 iumentorum
349 1662 455 1720 itinere
469 1666 530 1720 toto
546 1665 759 1738 prostratorum
782 1660 892 1738 passim
914 1661 1007 1720 acervi
1022 1664 1070 1717 tan·

137 1753 198 1805 tum
220 1744 297 1823 quod
319 1749 448 1806 exstaret
468 1761 543 1822 aqna
569 1741 777 1821 quaerentibus
797 1741 834 1803 ad
856 1744 984 1822 quietem
1007 1738 1071 1820 parri

110 1829 277 1906 otemporis
292 1827 487 1887 necessarium
500 1824 596 1887 cubile
611 1825 726 1886 dabant.
753 1826 816 1904 ipse
826 1825 985 1896 Hannibal,
1002 1836 1070 1900 aeger

136 1909 227 1971 oculis
243 1928 278 1968 ex
292 1927 380 1970 verna
391 1910 519 1988 primum
533 1911 707 1988 intemperie
725 1910 854 1969 variante
871 1910 982 1971 calores
999 1909 1069 1984 frigo·
1120 1900 1122 1928 ³

135 2010 244 2072 raquo,
267 1990 436 2070 elephanto,
465 1993 514 2069 qui
540 2009 616 2053 unus
640 1991 841 2070 superfuerat,
868 2012 927 2074 quo
948 1992 1025 2054 altius
1043 1986 1069 2048 ab

112 2083 213 2155 taqua
233 2082 360 2136 exstaret
380 2082 492 2143 vectus,
519 2073 623 2152 vigiliis
643 2082 742 2136 tamen
768 2083 797 2137 et
819 2086 967 2138 nocturno
987 2087 1069 2137 umore
1120 2118 1121 2123 ,

135 2159 316 2239 palustrique
338 2157 419 2218 caelo
439 2166 578 2235 gravante
603 2170 703 2238 caput,
730 2167 760 2220 et
786 2161 854 2239 quia
876 2159 1009 2221 medendi
1029 2169 1070 2215 nec

135 2243 218 2305 locus
232 2261 288 2304 nec
300 2249 417 2322 tempus
433 2249 509 2311 erat,
528 2240 620 2303 altero
636 2242 720 2303 oculo
737 2245 860 2323 capitur.
1121 2302 1123 2325 ἲ

130 2367 133 2372 -
197 2327 245 2388 ΙΙΙ.
275 2326 372 2389 Multis
386 2324 556 2387 hominibus
569 2327 765 2405 iumentisque
788 2325 874 2403 loede
897 2327 1005 2389 amissis
1018 2337 1068 2382 cun
1121 2340 1123 2393 t

135 2411 252 2471 tandem
269 2411 306 2470 de
321 2408 477 2489 paludibus
491 2411 672 2478 emersisset,
688 2409 739 2475 ubi
752 2411 882 2488 primurn
897 2413 929 2471 in
944 2411 1016 2470 sicco
1028 2422 1068 2484 po
1122 2414 1123 2429 ¹

81 2518 86 2557 ι
136 2494 203 2564 tuit,
229 2500 323 2555 castra
341 2492 431 2563 locat,
458 2501 629 2572 certumque
654 2510 708 2572 per
726 2495 906 2572 praemissos
926 2493 1068 2573 explorato·
1121 2510 1123 2521 ⁴

135 2595 185 2638 res
200 2576 302 2639 babuit
318 2578 479 2638 exercitum
494 2575 658 2637 Romanum
674 2578 752 2637 circa
768 2578 866 2638 Arreti
883 2578 996 2638 moenia
1010 2587 1067 2633 esse·

108 2661 263 2722 aconsulis
278 2660 385 2720 deinde
402 2658 523 2721 consilia
536 2667 623 2739 atque
640 2662 769 2721 animum
785 2667 814 2719 et
832 2661 921 2721 situm
936 2661 1066 2739 regiomn
1121 2690 1123 2699 x

135 2745 299 2823 itineraque
314 2751 343 2802 et
357 2744 456 2821 copias
471 2744 507 2803 ad
526 2750 705 2804 commeatus
727 2743 924 2822 expediendos
938 2752 967 2804 et
980 2748 1065 2802 cetera

136 2842 211 2905 quae
227 2843 370 2903 cognosse
389 2828 421 2885 in
444 2844 506 2885 rem
532 2833 608 2896 erat,
632 2844 745 2887 summa
762 2829 860 2888 omnia
876 2845 942 2889 cum
957 2843 1019 2887 cura
1034 2821 1065 2879 in·

110 2907 282 2988 aquirendo
299 2907 506 2986 exequebatur.
537 2910 619 2985 regio
631 2916 695 2969 erat
705 2911 736 2969 in
747 2912 850 2989 primis
860 2910 958 2971 ltaliae
973 2902 1064 2969 tertiis,

135 2993 252 3054 Etrusci
274 2993 384 3069 campi,
414 2991 464 3069 qui
485 2989 621 3052 Faesulas
649 2994 727 3054 inter
748 2994 954 3074 Arretiumque
980 2990 1063 3052 iacent

136 3076 278 3136 frumenti
299 3091 333 3135 ac
355 3075 473 3155 pecoris
494 3081 523 3133 et
548 3076 678 3137 omnium
702 3079 785 3156 copia
816 3095 915 3139 rerum
941 3068 1063 3155 oporam

108 3159 239 3220 aconsul
256 3159 340 3219 ieron
356 3158 393 3219 ab
408 3157 560 3219 consulatu
574 3161 673 3236 priore
695 3169 724 3219 et
740 3177 800 3221 non
821 3162 908 3222 modo
923 3154 1063 3238 legonao

136 3248 252 3316 patrum
268 3244 439 3313 maiestatis,
466 3241 518 3302 sed
533 3259 571 3301 ne
587 3242 709 3303 deorum
727 3242 845 3322 quidem
861 3246 929 3305 satis
943 3249 1062 3303 metuens

135 3320 213 3379 hanc
227 3325 343 3385 insitam
366 3327 486 3403 ingenio
507 3326 570 3384 eius
591 3327 785 3387 temeritatem
807 3327 922 3388 fortuna
944 3329 1074 3406 prosperi¹

108 3399 267 3461 acivilibus
287 3403 457 3485 bellicisque
484 3406 573 3468 rebus
587 3426 724 3468 successu
748 3407 868 3472 aluerat.
900 3412 992 3487 itaque
1008 3398 1062 3462 satis

137 3481 297 3557 apparebat
319 3503 373 3545 nec
397 3489 468 3548 deos
493 3506 548 3548 nec
574 3490 708 3551 homines
728 3493 927 3565 consulentem
948 3486 1062 3550 ferociter
