2396 3920
126 187 147 253 8
292 204 385 244 nmsn
398 203 454 246 vn.
471 201 540 245 cer.
556 191 580 241 7.
596 189 622 241 8.
638 182 677 263 [e.
693 206 724 246 u.
741 206 766 244 c.
784 190 842 243 392.
857 182 918 264 393}

127 360 206 430 gent.
240 368 328 413 omne
340 350 501 413 Hernicum
515 366 638 421 nomen,
655 351 750 412 omnis
765 349 899 411 militaris
913 357 994 412 aetas
1009 352 1081 413 exci·

126 443 191 504 tur;
212 433 476 515 quadringenariae
493 441 561 496 octo
575 433 720 504 cohortes,
734 433 810 495 lecta
825 432 933 496 robora
945 435 1088 507 virorum,

94 518 305 581 ascribuntur.
351 518 431 580 hunc
456 519 595 581 eximium
619 517 725 580 dorem
750 519 908 580 inventutis
932 535 969 579 eo
988 521 1088 588 etiam,

126 603 219 682 qnod,
234 611 268 665 ut
281 601 390 682 duplex
405 603 574 682 acciperent
587 602 781 681 stipendium,
797 602 1002 674 decreverant,
1024 606 1093 683 spei

125 687 350 767 animorumque
364 685 523 767 inplevere.
551 687 689 749 inmunes
704 704 821 766 qnoque
836 703 960 766 operum
979 685 1092 748 milita-

124 770 202 833 rium
218 779 312 842 erant,
324 778 359 832 ut
370 771 402 831 ln
414 786 505 833 unum
520 784 636 850 pugnae
651 768 783 833 laborem
796 771 938 832 reservati
952 771 1019 849 plns
1030 770 1089 833 sibl
1197 783 1198 792 ¹

92 861 212 933 dquam
228 873 284 935 pro
299 855 376 917 virili
390 861 475 934 parte
488 853 680 916 adnitendum
700 856 819 920 scirent.
854 861 936 916 extra
951 853 1089 916 ordinem

125 939 212 999 etiam
227 941 259 999 in
273 940 337 1000 acie
350 938 448 1008 locati,
465 955 523 1017 qno
538 939 724 1016 conspectior
740 940 831 1000 virtus
847 946 933 1000 esset.

186 1022 282 1083 linum
297 1021 410 1085 milium
427 1020 563 1102 planities
580 1029 675 1082 castra
691 1023 823 1087 Romana
838 1022 875 1083 ab
889 1022 1027 1084 Hernicis
1041 1022 1088 1082 di-

123 1104 267 1175 rimebat;
288 1105 331 1167 ibi
347 1107 413 1185 pari
428 1106 523 1167 terme
538 1108 687 1186 utrimque
703 1108 798 1187 spatio
812 1108 845 1167 in
858 1105 956 1168 medio
970 1121 1089 1186 pugna·

91 1195 107 1245 7
123 1196 185 1249 tum
197 1197 251 1251 est.
276 1191 374 1269 primo
384 1191 464 1250 stetit
479 1188 616 1268 ambigua
630 1207 682 1270 spe
694 1205 794 1270 pugna
809 1191 986 1270 nequiquam
996 1207 1090 1270 saepe

123 1274 235 1333 conatis
251 1273 398 1353 equitibus
411 1273 551 1335 Romame
571 1275 683 1352 impetu
697 1273 817 1335 turbare
838 1273 965 1336 hostium
980 1274 1087 1335 aciem.

89 1362 278 1436 spostquam
302 1359 448 1438 equestris
462 1374 560 1437 pugna
582 1357 688 1418 effectu
705 1375 793 1437 quam
811 1356 962 1421 conatibus
980 1357 1091 1417 vanior

122 1447 195 1512 erat,
210 1440 345 1503 consulto
360 1443 443 1521 prius
454 1441 597 1502 dictatore
612 1441 725 1521 equites
739 1442 886 1521 permissu
901 1438 1004 1504 deinde
1019 1441 1091 1501 eius

122 1522 234 1586 relictis
255 1527 339 1606 equis
356 1524 485 1587 clamore
499 1526 612 1603 ingenti
626 1523 781 1603 provolant
800 1532 869 1586 ante
886 1526 969 1602 signa
983 1530 1014 1599 et
1030 1541 1088 1584 no·

89 1615 107 1665 9
124 1625 188 1668 vam
203 1611 353 1688 integrant
368 1626 508 1689 pugnam.
545 1625 641 1687 neque
661 1609 801 1670 sustineri
815 1616 965 1687 poterant,
987 1607 1018 1667 ni
1034 1625 1088 1669 ex·

123 1691 336 1754 traordinariae
357 1693 494 1753 cohortes
518 1693 583 1771 pari
605 1708 764 1771 corporum
786 1693 1010 1770 animorumque
1035 1709 1087 1752 ro·

91 1780 103 1830 1
120 1771 195 1834 bore
215 1793 247 1835 se
265 1773 452 1845 obiecissent.
496 1773 568 1835 Vlll
589 1775 674 1835 Tunc
692 1777 771 1838 inter
791 1777 937 1855 primores
957 1774 1089 1837 duorum

121 1856 301 1937 populorum
320 1875 372 1920 res
385 1859 509 1935 geritur.
539 1857 681 1938 quidquid
700 1860 770 1921 hinc
788 1867 837 1922 ant
855 1857 937 1920 illinc
952 1875 1088 1920 commu-

122 1941 167 2000 nis
178 1939 256 2002 llars
270 1939 341 2002 belli
353 1940 456 2012 aufert,
467 1940 621 2022 multiplex
634 1961 720 2023 qnam
735 1961 791 2023 pro
805 1957 930 2004 numero
943 1941 1088 2004 damnum

121 2032 174 2085 est.
211 2024 316 2103 vulgus
338 2024 416 2086 aliud
439 2034 634 2096 armatorum,
658 2026 736 2087 velut
750 2024 881 2102 delegata
902 2025 1090 2102 primoribus

120 2124 229 2186 pugna,
246 2114 382 2170 eventum
396 2125 484 2170 sunm
499 2109 529 2170 in
539 2111 648 2171 virtute
663 2109 758 2171 aliena
768 2110 860 2187 ponit.
883 2106 969 2168 multi
979 2108 1088 2169 utrim-

89 2199 177 2268 2que
190 2191 309 2260 cadunt,
326 2190 427 2270 plures
437 2191 559 2253 vulnera
576 2193 738 2272 accipiunt;
752 2191 872 2252 tandem
887 2191 1000 2268 equites
1011 2190 1090 2252 alius

120 2275 209 2335 alium
224 2277 422 2354 increpantes,
439 2275 508 2353 qnid
521 2274 630 2336 deinde
644 2282 778 2343 restaret,
795 2274 974 2352 quaerendo,
991 2274 1017 2335 si
1032 2292 1091 2335 ne·

120 2374 178 2435 que
194 2375 229 2418 ex
246 2360 328 2434 equis
342 2356 527 2437 pepulissent
541 2358 658 2423 hostem
672 2375 769 2438 neque
791 2357 905 2437 pedites
927 2359 1089 2435 quicquam

118 2443 262 2503 momenti
282 2441 436 2503 lacerent?
459 2459 547 2521 quam
569 2444 687 2503 tertiam
709 2447 914 2521 exspectarent
935 2442 1091 2520 pugnam?

120 2525 190 2605 quid
205 2533 274 2588 ante
295 2526 379 2604 signa
400 2526 516 2588 feroces
537 2524 744 2606 prosiluissent
759 2532 788 2585 et
801 2523 897 2585 alieno
919 2532 1092 2604 pugnarent

90 2607 202 2670 eloco?
223 2610 273 2670 his
286 2610 364 2671 inter
379 2627 412 2670 se
425 2610 546 2672 vocibus
559 2612 699 2672 concitati
711 2608 840 2670 clamore
853 2614 993 2669 renovato
1008 2608 1091 2668 inie-

119 2699 189 2751 runt
203 2692 325 2770 pedem,;
350 2701 379 2752 et
398 2693 528 2770 primurn
543 2692 638 2771 gradu
652 2699 809 2753 moverunt
827 2691 957 2760 hostem,
979 2689 1092 2752 deinde

92 2773 314 2852 4pepulerunt,
336 2782 488 2853 postremo
509 2777 569 2837 iam
590 2774 669 2836 hand
692 2773 781 2836 dubie
802 2781 951 2843 avertunt;
977 2787 1095 2854 neque,
1188 2770 1192 2779 '

119 2865 179 2917 tam
195 2858 272 2918 vires
287 2874 375 2935 pares
390 2873 466 2934 qnae
480 2859 664 2938 superaverit
678 2876 742 2930 res,
758 2857 844 2919 facile
860 2858 940 2919 dictu
952 2865 1012 2927 est,
1028 2859 1092 2923 nisi
1191 2914 1192 2927 ,

119 2939 197 3019 quod
219 2947 363 3021 perpetua
383 2940 503 3002 lortnna
524 2943 679 3022 utriusque
693 2939 797 3022 populi
811 2948 842 3002 et
859 2940 1000 3002 extollere
1023 2943 1092 3003 ani·
1187 2930 1192 2987 ἕ

90 3030 184 3084 omos
206 3031 236 3083 et
256 3025 392 3085 minuere
413 3026 516 3103 potuit.
547 3044 642 3106 nsque
657 3026 693 3087 ad
709 3035 805 3088 castra
819 3025 966 3103 fugientes
981 3023 1093 3086 Herni·
1187 3082 1191 3107 4

120 3125 171 3169 cos
186 3107 336 3169 Romanus
351 3108 501 3187 seqnitur3
524 3117 688 3171 castrorum
704 3111 931 3190 oppugnatione,
955 3108 1024 3184 quia
1040 3127 1091 3171 se·
1184 3138 1191 3175 ι

119 3207 186 3251 rum
200 3199 264 3254 erat
278 3191 345 3260 diei,
361 3190 540 3254 abstinuere.
572 3193 623 3254 diu
637 3209 698 3255 non
710 3191 879 3273 perlitatum
892 3198 1029 3253 tenuerat
1044 3193 1093 3253 di·
1191 3192 1192 3213 l

120 3281 278 3344 ctatorem,
301 3291 339 3335 ne
361 3282 428 3337 ante
450 3275 603 3336 meridiem
626 3278 743 3354 signum
765 3275 836 3337 dare
858 3281 971 3355 posset:
997 3293 1035 3337 eo
1057 3277 1093 3338 in
1187 3272 1193 3307 ³

91 3361 237 3418 dnnctem
260 3364 386 3420 tractum
409 3366 472 3420 erat
494 3367 653 3421 certamen.
684 3367 803 3439 postero
819 3359 867 3419 die
882 3357 1002 3419 deserta
1017 3358 1093 3438 luga

120 3448 213 3501 cestra
225 3439 419 3501 Hernicorum
439 3443 571 3504 etsancii
585 3441 682 3504 relicti
695 3443 814 3522 quidam
826 3442 946 3509 inventi,
965 3458 1094 3520 agmen-
