<?xml version="1.0" encoding="UTF-8"?>
<!DOCTYPE html PUBLIC "-//W3C//DTD XHTML 1.0 Transitional//EN"
    "http://www.w3.org/TR/xhtml1/DTD/xhtml1-transitional.dtd">
<html xmlns="http://www.w3.org/1999/xhtml" xml:lang="en" lang="en">
 <head>
  <title>
</title>
<meta http-equiv="Content-Type" content="text/html;charset=utf-8" />
  <meta name='ocr-system' content='tesseract 3.04.00' />
  <meta name='ocr-capabilities' content='ocr_page ocr_carea ocr_par ocr_line ocrx_word'/>
</head>
<body>
  <div class='ocr_page' id='page_1' title='image "./aburbeconditali11livygoog_0310.png"; bbox 0 0 2350 3922; ppageno 0'>
   <div class='ocr_carea' id='block_1_1' title="bbox 238 214 1029 329">
    <p class='ocr_par' dir='ltr' id='par_1_1' title="bbox 238 212 1029 329">
     <span class='ocr_line' id='line_1_1' title="bbox 238 214 1029 329; baseline 0.01 -32"><span class='ocrx_word' id='word_1_1' title='bbox 238 256 329 299; x_wconf 76' lang='lat' dir='ltr'>nsana</span> <span class='ocrx_word' id='word_1_2' title='bbox 342 260 418 303; x_wconf 82' lang='lat' dir='ltr'>xxm.</span> <span class='ocrx_word' id='word_1_3' title='bbox 436 257 502 301; x_wconf 80' lang='lat' dir='ltr'>oar.</span> <span class='ocrx_word' id='word_1_4' title='bbox 515 214 559 300; x_wconf 73' lang='lat' dir='ltr'>tl.</span> <span class='ocrx_word' id='word_1_5' title='bbox 574 247 616 299; x_wconf 78' lang='grc'>45.</span> <span class='ocrx_word' id='word_1_6' title='bbox 634 220 674 319; x_wconf 77' lang='lat' dir='ltr'>[a.</span> <span class='ocrx_word' id='word_1_7' title='bbox 692 238 725 301; x_wconf 85' lang='lat' dir='ltr'>O.</span> <span class='ocrx_word' id='word_1_8' title='bbox 743 236 803 317; x_wconf 74' lang='lat'>216]</span> <span class='ocrx_word' id='word_1_9' title='bbox 939 242 996 305; x_wconf 83' lang='lat'>301</span> <span class='ocrx_word' id='word_1_10' title='bbox 1018 320 1029 329; x_wconf 68' lang='lat'>‚</span> 
     </span>
    </p>
   </div>
   <div class='ocr_carea' id='block_1_2' title="bbox 18 399 1158 3574">
    <p class='ocr_par' dir='ltr' id='par_1_2' title="bbox 18 399 1158 2405">
     <span class='ocr_line' id='line_1_2' title="bbox 89 399 1071 495; baseline 0.002 -33"><span class='ocrx_word' id='word_1_11' title='bbox 89 432 92 435; x_wconf 93' lang='lat'><em>·</em></span> <span class='ocrx_word' id='word_1_12' title='bbox 114 399 204 462; x_wconf 86' lang='lat' dir='ltr'>llLlV.</span> <span class='ocrx_word' id='word_1_13' title='bbox 252 403 391 467; x_wconf 83' lang='lat' dir='ltr'><strong>Consules</strong></span> <span class='ocrx_word' id='word_1_14' title='bbox 411 406 480 466; x_wconf 87' lang='lat' dir='ltr'>satis</span> <span class='ocrx_word' id='word_1_15' title='bbox 500 405 657 484; x_wconf 75' lang='lat' dir='ltr'><strong>exploratis</strong></span> <span class='ocrx_word' id='word_1_16' title='bbox 679 404 833 467; x_wconf 75' lang='lat' dir='ltr'>itineribus</span> <span class='ocrx_word' id='word_1_17' title='bbox 854 405 1002 485; x_wconf 87' lang='lat' dir='ltr'>sequentis</span> <span class='ocrx_word' id='word_1_18' title='bbox 1016 411 1028 463; x_wconf 89' lang='lat'><em>1</em></span> <span class='ocrx_word' id='word_1_19' title='bbox 1043 400 1071 495; x_wconf 31' lang='grc' dir='ltr'>ξ’</span> 
     </span>
     <span class='ocr_line' id='line_1_3' title="bbox 61 483 1056 567; baseline 0.004 -24"><span class='ocrx_word' id='word_1_20' title='bbox 61 483 192 555; x_wconf 80' lang='lat' dir='ltr'>Poenum,</span> <span class='ocrx_word' id='word_1_21' title='bbox 213 493 378 549; x_wconf 87' lang='lat' dir='ltr'>otrentum</span> <span class='ocrx_word' id='word_1_22' title='bbox 393 488 429 549; x_wconf 90' lang='lat' dir='ltr'>ad</span> <span class='ocrx_word' id='word_1_23' title='bbox 446 488 559 551; x_wconf 85' lang='lat' dir='ltr'>Cannas</span> <span class='ocrx_word' id='word_1_24' title='bbox 575 499 632 561; x_wconf 85' lang='lat' dir='ltr'>est,</span> <span class='ocrx_word' id='word_1_25' title='bbox 659 497 689 550; x_wconf 86' lang='lat' dir='ltr'>et</span> <span class='ocrx_word' id='word_1_26' title='bbox 707 490 739 549; x_wconf 93' lang='lat' dir='ltr'>in</span> <span class='ocrx_word' id='word_1_27' title='bbox 753 497 914 567; x_wconf 88' lang='lat' dir='ltr'>conspecto</span> <span class='ocrx_word' id='word_1_28' title='bbox 926 489 1000 550; x_wconf 87' lang='lat' dir='ltr'>Poe·</span> <span class='ocrx_word' id='word_1_29' title='bbox 1047 498 1056 567; x_wconf 74' lang='lat' dir='ltr'>p</span> 
     </span>
     <span class='ocr_line' id='line_1_4' title="bbox 61 567 1056 640; baseline 0.01 -13"><span class='ocrx_word' id='word_1_30' title='bbox 61 584 120 628; x_wconf 93' lang='lat' dir='ltr'>num</span> <span class='ocrx_word' id='word_1_31' title='bbox 133 567 291 640; x_wconf 85' lang='lat' dir='ltr'>habebant,</span> <span class='ocrx_word' id='word_1_32' title='bbox 315 571 384 633; x_wconf 89' lang='lat' dir='ltr'>bina</span> <span class='ocrx_word' id='word_1_33' title='bbox 400 579 495 633; x_wconf 88' lang='lat' dir='ltr'>castra</span> <span class='ocrx_word' id='word_1_34' title='bbox 512 574 715 635; x_wconf 86' lang='lat' dir='ltr'>communiunt</span> <span class='ocrx_word' id='word_1_35' title='bbox 728 572 832 634; x_wconf 88' lang='lat' dir='ltr'>eodem</span> <span class='ocrx_word' id='word_1_36' title='bbox 848 572 942 632; x_wconf 90' lang='lat' dir='ltr'>lerme</span> <span class='ocrx_word' id='word_1_37' title='bbox 955 573 1000 633; x_wconf 90' lang='lat' dir='ltr'>io·</span> <span class='ocrx_word' id='word_1_38' title='bbox 1048 578 1056 637; x_wconf 72' lang='lat' dir='ltr'>l</span> 
     </span>
     <span class='ocr_line' id='line_1_5' title="bbox 60 649 1056 736; baseline 0.006 -25"><span class='ocrx_word' id='word_1_39' title='bbox 60 649 180 721; x_wconf 80' lang='lat' dir='ltr'>larvatio,</span> <span class='ocrx_word' id='word_1_40' title='bbox 211 672 269 733; x_wconf 88' lang='lat' dir='ltr'>quo</span> <span class='ocrx_word' id='word_1_41' title='bbox 294 652 331 715; x_wconf 88' lang='lat' dir='ltr'>ad</span> <span class='ocrx_word' id='word_1_42' title='bbox 352 655 544 726; x_wconf 76' lang='lat' dir='ltr'>Gereonium,</span> <span class='ocrx_word' id='word_1_43' title='bbox 576 658 652 719; x_wconf 80' lang='lat' dir='ltr'>sirm</span> <span class='ocrx_word' id='word_1_44' title='bbox 677 664 745 717; x_wconf 84' lang='lat' dir='ltr'>ante</span> <span class='ocrx_word' id='word_1_45' title='bbox 771 658 864 736; x_wconf 89' lang='lat' dir='ltr'>copiis</span> <span class='ocrx_word' id='word_1_46' title='bbox 893 654 1000 717; x_wconf 87' lang='lat' dir='ltr'>divisis.</span> <span class='ocrx_word' id='word_1_47' title='bbox 1047 660 1056 729; x_wconf 69' lang='lat' dir='ltr'>i</span> 
     </span>
     <span class='ocr_line' id='line_1_6' title="bbox 60 732 1055 819; baseline 0 -26"><span class='ocrx_word' id='word_1_48' title='bbox 60 733 285 799; x_wconf 75' lang='lat' dir='ltr'>amausensis</span> <span class='ocrx_word' id='word_1_49' title='bbox 300 740 430 819; x_wconf 88' lang='lat' dir='ltr'>utrisque</span> <span class='ocrx_word' id='word_1_50' title='bbox 447 741 551 801; x_wconf 88' lang='lat' dir='ltr'>eastris</span> <span class='ocrx_word' id='word_1_51' title='bbox 573 740 705 801; x_wconf 89' lang='lat' dir='ltr'>adtluens</span> <span class='ocrx_word' id='word_1_52' title='bbox 724 739 833 801; x_wconf 89' lang='lat' dir='ltr'>aditum</span> <span class='ocrx_word' id='word_1_53' title='bbox 855 739 1029 819; x_wconf 80' lang='lat' dir='ltr'>aquatori·t</span> <span class='ocrx_word' id='word_1_54' title='bbox 1046 732 1055 807; x_wconf 66' lang='grc' dir='ltr'>Ξ</span> 
     </span>
     <span class='ocr_line' id='line_1_7' title="bbox 60 808 1056 903; baseline 0.007 -27"><span class='ocrx_word' id='word_1_55' title='bbox 60 814 105 877; x_wconf 90' lang='lat' dir='ltr'>bus</span> <span class='ocrx_word' id='word_1_56' title='bbox 124 837 158 879; x_wconf 86' lang='lat' dir='ltr'>ex</span> <span class='ocrx_word' id='word_1_57' title='bbox 182 837 234 882; x_wconf 88' lang='lat' dir='ltr'>sus</span> <span class='ocrx_word' id='word_1_58' title='bbox 254 822 394 902; x_wconf 85' lang='lat' dir='ltr'>cuiusque</span> <span class='ocrx_word' id='word_1_59' title='bbox 414 825 632 903; x_wconf 77' lang='lat' dir='ltr'>opportunitate</span> <span class='ocrx_word' id='word_1_60' title='bbox 659 823 736 885; x_wconf 89' lang='lat' dir='ltr'>haud</span> <span class='ocrx_word' id='word_1_61' title='bbox 757 825 821 885; x_wconf 92' lang='lat' dir='ltr'>sine</span> <span class='ocrx_word' id='word_1_62' title='bbox 842 823 1001 883; x_wconf 88' lang='lat' dir='ltr'>certamine</span> <span class='ocrx_word' id='word_1_63' title='bbox 1047 808 1056 889; x_wconf 58' lang='grc' dir='ltr'><em>ἓ</em></span> 
     </span>
     <span class='ocr_line' id='line_1_8' title="bbox 60 898 1158 988; baseline 0.004 -26"><span class='ocrx_word' id='word_1_64' title='bbox 60 898 148 972; x_wconf 63' lang='lat' dir='ltr'>labam</span> <span class='ocrx_word' id='word_1_65' title='bbox 168 905 383 968; x_wconf 82' lang='lat' dir='ltr'>exminoribus</span> <span class='ocrx_word' id='word_1_66' title='bbox 395 909 620 978; x_wconf 86' lang='lat' dir='ltr'>tamencastris,</span> <span class='ocrx_word' id='word_1_67' title='bbox 639 925 714 988; x_wconf 89' lang='lat' dir='ltr'>quae</span> <span class='ocrx_word' id='word_1_68' title='bbox 734 908 829 986; x_wconf 86' lang='lat' dir='ltr'>posita</span> <span class='ocrx_word' id='word_1_69' title='bbox 849 913 930 966; x_wconf 87' lang='lat' dir='ltr'>trans</span> <span class='ocrx_word' id='word_1_70' title='bbox 944 906 1028 966; x_wconf 65' lang='lat' dir='ltr'>‚lu-3</span> <span class='ocrx_word' id='word_1_71' title='bbox 1048 900 1058 985; x_wconf 66' lang='grc' dir='ltr'><strong><em>ζ</em></strong></span> <span class='ocrx_word' id='word_1_72' title='bbox 1157 918 1158 927; x_wconf 74' lang='grc'>’</span> 
     </span>
     <span class='ocr_line' id='line_1_9' title="bbox 60 982 1001 1070; baseline 0.006 -27"><span class='ocrx_word' id='word_1_73' title='bbox 60 982 147 1047; x_wconf 85' lang='lat' dir='ltr'>ilium</span> <span class='ocrx_word' id='word_1_74' title='bbox 163 996 261 1058; x_wconf 83' lang='lat' dir='ltr'>erant,</span> <span class='ocrx_word' id='word_1_75' title='bbox 278 988 400 1051; x_wconf 87' lang='lat' dir='ltr'>liberius</span> <span class='ocrx_word' id='word_1_76' title='bbox 416 990 599 1070; x_wconf 81' lang='lat' dir='ltr'>aquabantur</span> <span class='ocrx_word' id='word_1_77' title='bbox 613 992 751 1062; x_wconf 86' lang='lat' dir='ltr'>Romani,</span> <span class='ocrx_word' id='word_1_78' title='bbox 766 990 835 1068; x_wconf 87' lang='lat' dir='ltr'>quia</span> <span class='ocrx_word' id='word_1_79' title='bbox 851 991 915 1068; x_wconf 89' lang='lat' dir='ltr'>ripa</span> <span class='ocrx_word' id='word_1_80' title='bbox 927 987 1001 1049; x_wconf 89' lang='lat' dir='ltr'>ulte·</span> 
     </span>
     <span class='ocr_line' id='line_1_10' title="bbox 60 1066 1058 1154; baseline 0.005 -28"><span class='ocrx_word' id='word_1_81' title='bbox 60 1067 233 1132; x_wconf 77' lang='lat' dir='ltr'>nonnullum</span> <span class='ocrx_word' id='word_1_82' title='bbox 250 1071 378 1134; x_wconf 86' lang='lat' dir='ltr'>habebat</span> <span class='ocrx_word' id='word_1_83' title='bbox 394 1074 521 1135; x_wconf 90' lang='lat' dir='ltr'>hostium</span> <span class='ocrx_word' id='word_1_84' title='bbox 536 1075 723 1154; x_wconf 90' lang='lat' dir='ltr'>praesidium.</span> <span class='ocrx_word' id='word_1_85' title='bbox 759 1072 905 1135; x_wconf 85' lang='lat' dir='ltr'>Hannibal</span> <span class='ocrx_word' id='word_1_86' title='bbox 919 1090 1002 1151; x_wconf 91' lang='lat' dir='ltr'>spem</span> <span class='ocrx_word' id='word_1_87' title='bbox 1013 1081 1029 1128; x_wconf 82' lang='lat'>4</span> <span class='ocrx_word' id='word_1_88' title='bbox 1041 1066 1058 1149; x_wconf 70' lang='grc' dir='ltr'>ιἑ</span> 
     </span>
     <span class='ocr_line' id='line_1_11' title="bbox 61 1154 1044 1237; baseline 0.006 -27"><span class='ocrx_word' id='word_1_89' title='bbox 61 1161 169 1214; x_wconf 86' lang='lat' dir='ltr'>nanctus</span> <span class='ocrx_word' id='word_1_90' title='bbox 180 1154 252 1217; x_wconf 89' lang='lat' dir='ltr'>locis</span> <span class='ocrx_word' id='word_1_91' title='bbox 263 1157 341 1218; x_wconf 88' lang='lat' dir='ltr'>natis</span> <span class='ocrx_word' id='word_1_92' title='bbox 350 1157 386 1219; x_wconf 89' lang='lat' dir='ltr'>ad</span> <span class='ocrx_word' id='word_1_93' title='bbox 398 1165 563 1237; x_wconf 75' lang='lat' dir='ltr'>equestrem</span> <span class='ocrx_word' id='word_1_94' title='bbox 575 1176 720 1237; x_wconf 77' lang='lat' dir='ltr'>pugnam,</span> <span class='ocrx_word' id='word_1_95' title='bbox 736 1175 793 1237; x_wconf 89' lang='lat' dir='ltr'>qua</span> <span class='ocrx_word' id='word_1_96' title='bbox 803 1164 887 1236; x_wconf 88' lang='lat' dir='ltr'>parte</span> <span class='ocrx_word' id='word_1_97' title='bbox 896 1157 1002 1217; x_wconf 87' lang='lat' dir='ltr'>virium</span> <span class='ocrx_word' id='word_1_98' title='bbox 1036 1176 1044 1231; x_wconf 65' lang='lat' dir='ltr'>J</span> 
     </span>
     <span class='ocr_line' id='line_1_12' title="bbox 18 1234 1041 1329; baseline 0.006 -36"><span class='ocrx_word' id='word_1_99' title='bbox 18 1296 19 1303; x_wconf 17' lang='lat' dir='ltr'>q</span> <span class='ocrx_word' id='word_1_100' title='bbox 60 1234 168 1300; x_wconf 79' lang='lat' dir='ltr'>bricius</span> <span class='ocrx_word' id='word_1_101' title='bbox 182 1247 263 1310; x_wconf 89' lang='lat' dir='ltr'>erat,</span> <span class='ocrx_word' id='word_1_102' title='bbox 283 1240 413 1301; x_wconf 86' lang='lat' dir='ltr'>facturos</span> <span class='ocrx_word' id='word_1_103' title='bbox 428 1242 543 1319; x_wconf 90' lang='lat' dir='ltr'>copiam</span> <span class='ocrx_word' id='word_1_104' title='bbox 559 1241 708 1320; x_wconf 80' lang='lat' dir='ltr'>pugnandi</span> <span class='ocrx_word' id='word_1_105' title='bbox 723 1240 873 1311; x_wconf 87' lang='lat' dir='ltr'>consules,</span> <span class='ocrx_word' id='word_1_106' title='bbox 896 1240 1002 1319; x_wconf 84' lang='lat' dir='ltr'>derigit</span> <span class='ocrx_word' id='word_1_107' title='bbox 1033 1256 1041 1329; x_wconf 69' lang='lat' dir='ltr'>q</span> 
     </span>
     <span class='ocr_line' id='line_1_13' title="bbox 59 1319 1042 1405; baseline 0.003 -28"><span class='ocrx_word' id='word_1_108' title='bbox 59 1319 138 1381; x_wconf 86' lang='lat' dir='ltr'>aciem</span> <span class='ocrx_word' id='word_1_109' title='bbox 155 1320 331 1404; x_wconf 79' lang='lat' dir='ltr'>beessitque</span> <span class='ocrx_word' id='word_1_110' title='bbox 346 1322 538 1386; x_wconf 88' lang='lat' dir='ltr'>Numidarum</span> <span class='ocrx_word' id='word_1_111' title='bbox 559 1325 781 1403; x_wconf 81' lang='lat' dir='ltr'>procursatione</span> <span class='ocrx_word' id='word_1_112' title='bbox 797 1324 898 1384; x_wconf 90' lang='lat' dir='ltr'>hostis.</span> <span class='ocrx_word' id='word_1_113' title='bbox 934 1323 1003 1384; x_wconf 89' lang='lat' dir='ltr'>inde</span> <span class='ocrx_word' id='word_1_114' title='bbox 1014 1324 1042 1405; x_wconf 68' lang='lat' dir='ltr'>ap</span> 
     </span>
     <span class='ocr_line' id='line_1_14' title="bbox 59 1405 1002 1469; baseline 0.001 -3"><span class='ocrx_word' id='word_1_115' title='bbox 59 1416 148 1466; x_wconf 77' lang='lat' dir='ltr'>rursus</span> <span class='ocrx_word' id='word_1_116' title='bbox 166 1405 319 1469; x_wconf 76' lang='lat' dir='ltr'>sommant</span> <span class='ocrx_word' id='word_1_117' title='bbox 340 1407 484 1469; x_wconf 84' lang='lat' dir='ltr'>seditione</span> <span class='ocrx_word' id='word_1_118' title='bbox 501 1406 620 1468; x_wconf 89' lang='lat' dir='ltr'>militari</span> <span class='ocrx_word' id='word_1_119' title='bbox 637 1426 671 1468; x_wconf 89' lang='lat' dir='ltr'>ao</span> <span class='ocrx_word' id='word_1_120' title='bbox 688 1406 834 1468; x_wconf 81' lang='lat' dir='ltr'>discordia</span> <span class='ocrx_word' id='word_1_121' title='bbox 849 1406 1002 1467; x_wconf 88' lang='lat' dir='ltr'>consulum</span> 
     </span>
     <span class='ocr_line' id='line_1_15' title="bbox 59 1482 1039 1575; baseline 0.005 -32"><span class='ocrx_word' id='word_1_122' title='bbox 59 1482 174 1550; x_wconf 81' lang='lat' dir='ltr'>lismona</span> <span class='ocrx_word' id='word_1_123' title='bbox 199 1496 312 1560; x_wconf 73' lang='lat' dir='ltr'>casua,</span> <span class='ocrx_word' id='word_1_124' title='bbox 339 1508 406 1553; x_wconf 91' lang='lat' dir='ltr'>cum</span> <span class='ocrx_word' id='word_1_125' title='bbox 432 1490 540 1552; x_wconf 87' lang='lat' dir='ltr'>Paulus</span> <span class='ocrx_word' id='word_1_126' title='bbox 566 1491 791 1569; x_wconf 89' lang='lat' dir='ltr'>Semproniique</span> <span class='ocrx_word' id='word_1_127' title='bbox 817 1496 847 1549; x_wconf 89' lang='lat' dir='ltr'>et</span> <span class='ocrx_word' id='word_1_128' title='bbox 867 1489 1039 1575; x_wconf 63' lang='lat' dir='ltr'>Flaminiip</span> 
     </span>
     <span class='ocr_line' id='line_1_16' title="bbox 59 1572 1040 1654; baseline 0.002 -27"><span class='ocrx_word' id='word_1_129' title='bbox 59 1573 235 1635; x_wconf 87' lang='lat' dir='ltr'>temeritatem</span> <span class='ocrx_word' id='word_1_130' title='bbox 261 1573 398 1644; x_wconf 85' lang='lat' dir='ltr'>Varroni,</span> <span class='ocrx_word' id='word_1_131' title='bbox 419 1574 510 1635; x_wconf 89' lang='lat' dir='ltr'>Varro</span> <span class='ocrx_word' id='word_1_132' title='bbox 531 1575 697 1654; x_wconf 88' lang='lat' dir='ltr'>speciosum</span> <span class='ocrx_word' id='word_1_133' title='bbox 718 1572 828 1634; x_wconf 91' lang='lat' dir='ltr'>timidis</span> <span class='ocrx_word' id='word_1_134' title='bbox 851 1589 885 1632; x_wconf 87' lang='lat' dir='ltr'>ac</span> <span class='ocrx_word' id='word_1_135' title='bbox 905 1573 1001 1648; x_wconf 84' lang='lat' dir='ltr'>segni·</span> <span class='ocrx_word' id='word_1_136' title='bbox 1029 1580 1040 1629; x_wconf 75' lang='lat' dir='ltr'>t</span> 
     </span>
     <span class='ocr_line' id='line_1_17' title="bbox 59 1647 1041 1736; baseline 0.004 -28"><span class='ocrx_word' id='word_1_137' title='bbox 59 1647 103 1711; x_wconf 87' lang='lat' dir='ltr'>lus</span> <span class='ocrx_word' id='word_1_138' title='bbox 128 1654 252 1719; x_wconf 88' lang='lat' dir='ltr'>ducibus</span> <span class='ocrx_word' id='word_1_139' title='bbox 277 1657 442 1736; x_wconf 80' lang='lat' dir='ltr'>exemplum</span> <span class='ocrx_word' id='word_1_140' title='bbox 465 1658 589 1719; x_wconf 85' lang='lat' dir='ltr'>Fabium</span> <span class='ocrx_word' id='word_1_141' title='bbox 612 1655 758 1727; x_wconf 86' lang='lat' dir='ltr'>obiceret,</span> <span class='ocrx_word' id='word_1_142' title='bbox 787 1660 1041 1732; x_wconf 76' lang='lat' dir='ltr'>testareturquen&#39;</span> 
     </span>
     <span class='ocr_line' id='line_1_18' title="bbox 60 1732 1158 1821; baseline 0.002 -26"><span class='ocrx_word' id='word_1_143' title='bbox 60 1732 117 1797; x_wconf 86' lang='lat' dir='ltr'>deos</span> <span class='ocrx_word' id='word_1_144' title='bbox 132 1738 325 1819; x_wconf 86' lang='lat' dir='ltr'>hominesque</span> <span class='ocrx_word' id='word_1_145' title='bbox 341 1741 402 1812; x_wconf 81' lang='lat' dir='ltr'>liic,</span> <span class='ocrx_word' id='word_1_146' title='bbox 419 1740 528 1802; x_wconf 91' lang='lat' dir='ltr'>nullam</span> <span class='ocrx_word' id='word_1_147' title='bbox 542 1759 634 1821; x_wconf 89' lang='lat' dir='ltr'>penes</span> <span class='ocrx_word' id='word_1_148' title='bbox 648 1759 680 1803; x_wconf 92' lang='lat' dir='ltr'>se</span> <span class='ocrx_word' id='word_1_149' title='bbox 695 1738 810 1819; x_wconf 90' lang='lat' dir='ltr'>culpam</span> <span class='ocrx_word' id='word_1_150' title='bbox 826 1756 906 1809; x_wconf 85' lang='lat' dir='ltr'>esse,</span> <span class='ocrx_word' id='word_1_151' title='bbox 924 1738 1002 1818; x_wconf 88' lang='lat' dir='ltr'>quod</span> <span class='ocrx_word' id='word_1_152' title='bbox 1157 1794 1158 1797; x_wconf 74' lang='grc'>,</span> 
     </span>
     <span class='ocr_line' id='line_1_19' title="bbox 59 1806 1158 1904; baseline 0.005 -27"><span class='ocrx_word' id='word_1_153' title='bbox 59 1814 186 1885; x_wconf 84' lang='lat' dir='ltr'>Hannibal</span> <span class='ocrx_word' id='word_1_154' title='bbox 206 1826 269 1886; x_wconf 91' lang='lat' dir='ltr'>iam</span> <span class='ocrx_word' id='word_1_155' title='bbox 285 1823 365 1886; x_wconf 85' lang='lat' dir='ltr'>velot</span> <span class='ocrx_word' id='word_1_156' title='bbox 384 1843 438 1886; x_wconf 88' lang='lat' dir='ltr'>usu</span> <span class='ocrx_word' id='word_1_157' title='bbox 459 1826 585 1904; x_wconf 83' lang='lat' dir='ltr'>cepisset</span> <span class='ocrx_word' id='word_1_158' title='bbox 603 1824 729 1893; x_wconf 88' lang='lat' dir='ltr'>ltaliam;</span> <span class='ocrx_word' id='word_1_159' title='bbox 758 1841 790 1884; x_wconf 89' lang='lat' dir='ltr'>se</span> <span class='ocrx_word' id='word_1_160' title='bbox 811 1823 1002 1884; x_wconf 89' lang='lat' dir='ltr'>constrictum</span> <span class='ocrx_word' id='word_1_161' title='bbox 1025 1806 1034 1879; x_wconf 71' lang='lat' dir='ltr'>l</span> <span class='ocrx_word' id='word_1_162' title='bbox 1157 1836 1158 1843; x_wconf 53' lang='lat'>¹</span> 
     </span>
     <span class='ocr_line' id='line_1_20' title="bbox 59 1905 1033 2053; baseline 0.007 -94"><span class='ocrx_word' id='word_1_163' title='bbox 59 1917 73 1959; x_wconf 87' lang='lat' dir='ltr'>a</span> <span class='ocrx_word' id='word_1_164' title='bbox 90 1905 204 1985; x_wconf 77' lang='lat' dir='ltr'>conlega</span> <span class='ocrx_word' id='word_1_165' title='bbox 222 1910 338 1978; x_wconf 88' lang='lat' dir='ltr'>teneri,</span> <span class='ocrx_word' id='word_1_166' title='bbox 366 1908 479 1969; x_wconf 85' lang='lat' dir='ltr'>terrum</span> <span class='ocrx_word' id='word_1_167' title='bbox 498 1916 584 1988; x_wconf 87' lang='lat' dir='ltr'>atque</span> <span class='ocrx_word' id='word_1_168' title='bbox 608 1926 689 1968; x_wconf 90' lang='lat' dir='ltr'>arma</span> <span class='ocrx_word' id='word_1_169' title='bbox 709 1908 791 1969; x_wconf 89' lang='lat' dir='ltr'>iratis</span> <span class='ocrx_word' id='word_1_170' title='bbox 816 1913 846 1969; x_wconf 89' lang='lat' dir='ltr'>et</span> <span class='ocrx_word' id='word_1_171' title='bbox 870 1906 1033 2053; x_wconf 67' lang='lat' dir='ltr'>pugnareq</span> 
     </span>
     <span class='ocr_line' id='line_1_21' title="bbox 60 1988 1033 2072; baseline 0.007 -28"><span class='ocrx_word' id='word_1_172' title='bbox 60 1988 228 2064; x_wconf 84' lang='lat' dir='ltr'>cupientibus</span> <span class='ocrx_word' id='word_1_173' title='bbox 259 1991 349 2054; x_wconf 85' lang='lat' dir='ltr'>adimi</span> <span class='ocrx_word' id='word_1_174' title='bbox 373 1990 529 2061; x_wconf 88' lang='lat' dir='ltr'>militibus;</span> <span class='ocrx_word' id='word_1_175' title='bbox 560 1989 624 2061; x_wconf 86' lang='lat' dir='ltr'>ille,</span> <span class='ocrx_word' id='word_1_176' title='bbox 654 1991 774 2072; x_wconf 91' lang='lat' dir='ltr'>siquid</span> <span class='ocrx_word' id='word_1_177' title='bbox 803 1991 943 2071; x_wconf 88' lang='lat' dir='ltr'>proiectis</span> <span class='ocrx_word' id='word_1_178' title='bbox 969 2008 1003 2053; x_wconf 93' lang='lat' dir='ltr'>ac</span> <span class='ocrx_word' id='word_1_179' title='bbox 1032 1996 1033 2005; x_wconf 75' lang='grc'>’</span> 
     </span>
     <span class='ocr_line' id='line_1_22' title="bbox 59 2052 1035 2156; baseline 0.003 -27"><span class='ocrx_word' id='word_1_180' title='bbox 59 2071 168 2143; x_wconf 87' lang='lat' dir='ltr'>proditis</span> <span class='ocrx_word' id='word_1_181' title='bbox 178 2075 213 2135; x_wconf 88' lang='lat' dir='ltr'>ad</span> <span class='ocrx_word' id='word_1_182' title='bbox 228 2074 427 2137; x_wconf 88' lang='lat' dir='ltr'>inconsultam</span> <span class='ocrx_word' id='word_1_183' title='bbox 442 2083 528 2156; x_wconf 90' lang='lat' dir='ltr'>atque</span> <span class='ocrx_word' id='word_1_184' title='bbox 538 2075 720 2155; x_wconf 86' lang='lat' dir='ltr'>inprovidam</span> <span class='ocrx_word' id='word_1_185' title='bbox 734 2093 863 2155; x_wconf 77' lang='lat' dir='ltr'>pugnam</span> <span class='ocrx_word' id='word_1_186' title='bbox 880 2073 1002 2151; x_wconf 77' lang='lat' dir='ltr'>legioni·</span> <span class='ocrx_word' id='word_1_187' title='bbox 1019 2052 1035 2133; x_wconf 65' lang='lat' dir='ltr'>l</span> 
     </span>
     <span class='ocr_line' id='line_1_23' title="bbox 59 2148 1003 2238; baseline 0.005 -27"><span class='ocrx_word' id='word_1_188' title='bbox 59 2148 105 2213; x_wconf 86' lang='lat' dir='ltr'>bus</span> <span class='ocrx_word' id='word_1_189' title='bbox 123 2158 283 2226; x_wconf 89' lang='lat' dir='ltr'>accideret,</span> <span class='ocrx_word' id='word_1_190' title='bbox 305 2176 337 2220; x_wconf 89' lang='lat' dir='ltr'>se</span> <span class='ocrx_word' id='word_1_191' title='bbox 352 2160 448 2220; x_wconf 91' lang='lat' dir='ltr'>omnis</span> <span class='ocrx_word' id='word_1_192' title='bbox 463 2158 566 2238; x_wconf 89' lang='lat' dir='ltr'>culpae</span> <span class='ocrx_word' id='word_1_193' title='bbox 586 2166 746 2236; x_wconf 83' lang='lat' dir='ltr'>exsortem,</span> <span class='ocrx_word' id='word_1_194' title='bbox 771 2158 866 2219; x_wconf 89' lang='lat' dir='ltr'>omnis</span> <span class='ocrx_word' id='word_1_195' title='bbox 883 2163 1003 2216; x_wconf 90' lang='lat' dir='ltr'>eventus</span> 
     </span>
     <span class='ocr_line' id='line_1_24' title="bbox 59 2239 1002 2320; baseline 0.001 -24"><span class='ocrx_word' id='word_1_196' title='bbox 59 2239 215 2319; x_wconf 79' lang='lat' dir='ltr'>participem</span> <span class='ocrx_word' id='word_1_197' title='bbox 227 2240 305 2312; x_wconf 81' lang='lat' dir='ltr'>lore,</span> <span class='ocrx_word' id='word_1_198' title='bbox 317 2241 442 2311; x_wconf 86' lang='lat' dir='ltr'>diceret;</span> <span class='ocrx_word' id='word_1_199' title='bbox 454 2242 575 2310; x_wconf 78' lang='lat' dir='ltr'>rideret,</span> <span class='ocrx_word' id='word_1_200' title='bbox 587 2250 628 2312; x_wconf 87' lang='lat' dir='ltr'>ut,</span> <span class='ocrx_word' id='word_1_201' title='bbox 641 2241 746 2320; x_wconf 87' lang='lat' dir='ltr'>quibus</span> <span class='ocrx_word' id='word_1_202' title='bbox 756 2241 855 2319; x_wconf 80' lang='lat' dir='ltr'>lingua</span> <span class='ocrx_word' id='word_1_203' title='bbox 867 2247 1002 2317; x_wconf 89' lang='lat' dir='ltr'>prompta</span> 
     </span>
     <span class='ocr_line' id='line_1_25' title="bbox 57 2325 808 2405; baseline 0.005 -26"><span class='ocrx_word' id='word_1_204' title='bbox 57 2333 87 2376; x_wconf 51' lang='lat' dir='ltr'>¹ac</span> <span class='ocrx_word' id='word_1_205' title='bbox 98 2327 266 2399; x_wconf 89' lang='lat' dir='ltr'>temeraria,</span> <span class='ocrx_word' id='word_1_206' title='bbox 282 2342 375 2405; x_wconf 90' lang='lat' dir='ltr'>aeque</span> <span class='ocrx_word' id='word_1_207' title='bbox 389 2326 421 2385; x_wconf 92' lang='lat' dir='ltr'>in</span> <span class='ocrx_word' id='word_1_208' title='bbox 434 2342 533 2405; x_wconf 77' lang='lat' dir='ltr'>pugna</span> <span class='ocrx_word' id='word_1_209' title='bbox 548 2325 681 2403; x_wconf 80' lang='lat' dir='ltr'>rigerent</span> <span class='ocrx_word' id='word_1_210' title='bbox 695 2341 808 2384; x_wconf 86' lang='lat' dir='ltr'>manns.</span> 
     </span>
    </p>

    <p class='ocr_par' dir='ltr' id='par_1_3' title="bbox 57 2402 1157 3574">
     <span class='ocr_line' id='line_1_26' title="bbox 112 2402 1057 2487; baseline -0.005 -20"><span class='ocrx_word' id='word_1_211' title='bbox 112 2402 191 2468; x_wconf 86' lang='lat' dir='ltr'><strong>XLV.</strong></span> <span class='ocrx_word' id='word_1_212' title='bbox 219 2408 298 2470; x_wconf 86' lang='lat' dir='ltr'>Dum</span> <span class='ocrx_word' id='word_1_213' title='bbox 312 2408 550 2471; x_wconf 87' lang='lat' dir='ltr'>altercationibus</span> <span class='ocrx_word' id='word_1_214' title='bbox 570 2409 663 2486; x_wconf 81' lang='lat' dir='ltr'>magis</span> <span class='ocrx_word' id='word_1_215' title='bbox 676 2425 764 2487; x_wconf 89' lang='lat' dir='ltr'>quam</span> <span class='ocrx_word' id='word_1_216' title='bbox 785 2404 914 2467; x_wconf 89' lang='lat' dir='ltr'>consiliis</span> <span class='ocrx_word' id='word_1_217' title='bbox 929 2412 1028 2467; x_wconf 87' lang='lat' dir='ltr'>tem-1</span> <span class='ocrx_word' id='word_1_218' title='bbox 1052 2444 1057 2451; x_wconf 86' lang='lat'>-</span> 
     </span>
     <span class='ocr_line' id='line_1_27' title="bbox 59 2488 1060 2571; baseline 0.003 -24"><span class='ocrx_word' id='word_1_219' title='bbox 59 2499 105 2559; x_wconf 90' lang='lat' dir='ltr'>pus</span> <span class='ocrx_word' id='word_1_220' title='bbox 117 2492 236 2562; x_wconf 86' lang='lat' dir='ltr'>teritur,</span> <span class='ocrx_word' id='word_1_221' title='bbox 251 2491 396 2554; x_wconf 81' lang='lat' dir='ltr'>Hannibal</span> <span class='ocrx_word' id='word_1_222' title='bbox 411 2510 447 2553; x_wconf 81' lang='lat' dir='ltr'>ex</span> <span class='ocrx_word' id='word_1_223' title='bbox 461 2493 537 2562; x_wconf 82' lang='lat' dir='ltr'>acie,</span> <span class='ocrx_word' id='word_1_224' title='bbox 553 2509 640 2571; x_wconf 89' lang='lat' dir='ltr'>qnam</span> <span class='ocrx_word' id='word_1_225' title='bbox 655 2491 692 2552; x_wconf 90' lang='lat' dir='ltr'>ad</span> <span class='ocrx_word' id='word_1_226' title='bbox 706 2489 831 2551; x_wconf 89' lang='lat' dir='ltr'>multum</span> <span class='ocrx_word' id='word_1_227' title='bbox 846 2488 904 2550; x_wconf 87' lang='lat' dir='ltr'>diei</span> <span class='ocrx_word' id='word_1_228' title='bbox 918 2497 1002 2550; x_wconf 88' lang='lat' dir='ltr'>tenu·</span> <span class='ocrx_word' id='word_1_229' title='bbox 1051 2522 1060 2571; x_wconf 32' lang='grc' dir='ltr'>ᾗ,</span> 
     </span>
     <span class='ocr_line' id='line_1_28' title="bbox 61 2572 1062 2652; baseline 0.005 -26"><span class='ocrx_word' id='word_1_230' title='bbox 61 2578 115 2630; x_wconf 86' lang='lat' dir='ltr'>crat</span> <span class='ocrx_word' id='word_1_231' title='bbox 134 2574 321 2645; x_wconf 88' lang='lat' dir='ltr'>instructam,</span> <span class='ocrx_word' id='word_1_232' title='bbox 345 2594 412 2637; x_wconf 91' lang='lat' dir='ltr'>cum</span> <span class='ocrx_word' id='word_1_233' title='bbox 431 2579 462 2637; x_wconf 96' lang='lat' dir='ltr'>in</span> <span class='ocrx_word' id='word_1_234' title='bbox 483 2583 578 2636; x_wconf 88' lang='lat' dir='ltr'>castra</span> <span class='ocrx_word' id='word_1_235' title='bbox 594 2581 707 2635; x_wconf 89' lang='lat' dir='ltr'>ceteras</span> <span class='ocrx_word' id='word_1_236' title='bbox 728 2575 879 2652; x_wconf 86' lang='lat' dir='ltr'>reciperet</span> <span class='ocrx_word' id='word_1_237' title='bbox 894 2572 1001 2650; x_wconf 90' lang='lat' dir='ltr'>copias,</span> <span class='ocrx_word' id='word_1_238' title='bbox 1051 2612 1062 2639; x_wconf 79' lang='grc'>-,</span> 
     </span>
     <span class='ocr_line' id='line_1_29' title="bbox 60 2647 1060 2721; baseline 0.003 -11"><span class='ocrx_word' id='word_1_239' title='bbox 60 2647 187 2719; x_wconf 88' lang='lat' dir='ltr'>Numidas</span> <span class='ocrx_word' id='word_1_240' title='bbox 202 2658 238 2719; x_wconf 90' lang='lat' dir='ltr'>ad</span> <span class='ocrx_word' id='word_1_241' title='bbox 256 2658 435 2721; x_wconf 88' lang='lat' dir='ltr'>invadendos</span> <span class='ocrx_word' id='word_1_242' title='bbox 451 2678 489 2721; x_wconf 84' lang='lat' dir='ltr'>ex</span> <span class='ocrx_word' id='word_1_243' title='bbox 506 2657 669 2720; x_wconf 91' lang='lat' dir='ltr'>minorihus</span> <span class='ocrx_word' id='word_1_244' title='bbox 686 2659 789 2720; x_wconf 91' lang='lat' dir='ltr'>castris</span> <span class='ocrx_word' id='word_1_245' title='bbox 803 2657 1030 2717; x_wconf 76' lang='lat' dir='ltr'>Romanorumn</span> <span class='ocrx_word' id='word_1_246' title='bbox 1055 2658 1060 2685; x_wconf 75' lang='lat'>³</span> 
     </span>
     <span class='ocr_line' id='line_1_30' title="bbox 60 2737 1069 2822; baseline -0.001 -25"><span class='ocrx_word' id='word_1_247' title='bbox 60 2746 299 2822; x_wconf 70' lang='lat' dir='ltr'>squameastram</span> <span class='ocrx_word' id='word_1_248' title='bbox 316 2742 426 2804; x_wconf 84' lang='lat' dir='ltr'>flumen</span> <span class='ocrx_word' id='word_1_249' title='bbox 448 2744 545 2804; x_wconf 88' lang='lat' dir='ltr'>mittit.</span> <span class='ocrx_word' id='word_1_250' title='bbox 576 2760 664 2822; x_wconf 88' lang='lat' dir='ltr'>quam</span> <span class='ocrx_word' id='word_1_251' title='bbox 686 2741 866 2802; x_wconf 87' lang='lat' dir='ltr'>inconditam</span> <span class='ocrx_word' id='word_1_252' title='bbox 879 2737 1030 2801; x_wconf 76' lang='lat' dir='ltr'>&#39;turbama</span> <span class='ocrx_word' id='word_1_253' title='bbox 1058 2796 1069 2821; x_wconf 54' lang='lat'>.‚</span> 
     </span>
     <span class='ocr_line' id='line_1_31' title="bbox 60 2822 1002 2905; baseline 0.004 -23"><span class='ocrx_word' id='word_1_254' title='bbox 60 2832 118 2882; x_wconf 77' lang='lat' dir='ltr'>tum</span> <span class='ocrx_word' id='word_1_255' title='bbox 138 2823 253 2887; x_wconf 79' lang='lat' dir='ltr'>vixdum</span> <span class='ocrx_word' id='word_1_256' title='bbox 276 2827 308 2886; x_wconf 90' lang='lat' dir='ltr'>in</span> <span class='ocrx_word' id='word_1_257' title='bbox 331 2828 426 2903; x_wconf 87' lang='lat' dir='ltr'>ripam</span> <span class='ocrx_word' id='word_1_258' title='bbox 439 2828 551 2905; x_wconf 82' lang='lat' dir='ltr'>egressi</span> <span class='ocrx_word' id='word_1_259' title='bbox 567 2825 695 2887; x_wconf 89' lang='lat' dir='ltr'>clamore</span> <span class='ocrx_word' id='word_1_260' title='bbox 711 2843 746 2885; x_wconf 88' lang='lat' dir='ltr'>ac</span> <span class='ocrx_word' id='word_1_261' title='bbox 762 2822 887 2886; x_wconf 90' lang='lat' dir='ltr'>tumultu</span> <span class='ocrx_word' id='word_1_262' title='bbox 905 2824 1002 2902; x_wconf 77' lang='lat' dir='ltr'>iugan-</span> 
     </span>
     <span class='ocr_line' id='line_1_32' title="bbox 59 2906 1076 2990; baseline -0.005 -17"><span class='ocrx_word' id='word_1_263' title='bbox 59 2911 128 2973; x_wconf 68' lang='grc' dir='ltr'>8θῐὶῑ,</span> <span class='ocrx_word' id='word_1_264' title='bbox 149 2906 180 2969; x_wconf 94' lang='lat' dir='ltr'>ln</span> <span class='ocrx_word' id='word_1_265' title='bbox 200 2910 355 2970; x_wconf 88' lang='lat' dir='ltr'>stationem</span> <span class='ocrx_word' id='word_1_266' title='bbox 370 2926 487 2990; x_wconf 90' lang='lat' dir='ltr'>quoque</span> <span class='ocrx_word' id='word_1_267' title='bbox 506 2929 561 2989; x_wconf 91' lang='lat' dir='ltr'>pro</span> <span class='ocrx_word' id='word_1_268' title='bbox 581 2908 657 2971; x_wconf 85' lang='lat' dir='ltr'>vallo</span> <span class='ocrx_word' id='word_1_269' title='bbox 677 2909 802 2972; x_wconf 85' lang='lat' dir='ltr'>locatam</span> <span class='ocrx_word' id='word_1_270' title='bbox 819 2916 906 2988; x_wconf 85' lang='lat' dir='ltr'>atque</span> <span class='ocrx_word' id='word_1_271' title='bbox 925 2909 1004 2987; x_wconf 93' lang='lat' dir='ltr'>ipsas</span> <span class='ocrx_word' id='word_1_272' title='bbox 1065 2912 1076 2983; x_wconf 63' lang='grc' dir='ltr'>ξ,</span> 
     </span>
     <span class='ocr_line' id='line_1_33' title="bbox 59 2990 1157 3072; baseline 0 -21"><span class='ocrx_word' id='word_1_273' title='bbox 59 2998 143 3064; x_wconf 72' lang='lat' dir='ltr'>prope</span> <span class='ocrx_word' id='word_1_274' title='bbox 166 3000 266 3069; x_wconf 87' lang='lat' dir='ltr'>portas</span> <span class='ocrx_word' id='word_1_275' title='bbox 287 2995 379 3054; x_wconf 86' lang='lat' dir='ltr'>erecti</span> <span class='ocrx_word' id='word_1_276' title='bbox 399 3001 476 3056; x_wconf 91' lang='lat' dir='ltr'>sunt.</span> <span class='ocrx_word' id='word_1_277' title='bbox 517 2995 547 3055; x_wconf 91' lang='lat' dir='ltr'>id</span> <span class='ocrx_word' id='word_1_278' title='bbox 561 3010 631 3054; x_wconf 91' lang='lat' dir='ltr'>vero</span> <span class='ocrx_word' id='word_1_279' title='bbox 653 2992 807 3072; x_wconf 72' lang='lat' dir='ltr'>indignum</span> <span class='ocrx_word' id='word_1_280' title='bbox 831 2994 940 3060; x_wconf 69' lang='lat' dir='ltr'>usum,</span> <span class='ocrx_word' id='word_1_281' title='bbox 967 2990 1031 3051; x_wconf 79' lang='lat' dir='ltr'>aba</span> <span class='ocrx_word' id='word_1_282' title='bbox 1070 2992 1075 3005; x_wconf 74' lang='lat'><strong>⁴</strong></span> <span class='ocrx_word' id='word_1_283' title='bbox 1156 3056 1157 3059; x_wconf 48' lang='lat'>,</span> 
     </span>
     <span class='ocr_line' id='line_1_34' title="bbox 59 3068 1005 3144; baseline 0.005 -15"><span class='ocrx_word' id='word_1_284' title='bbox 59 3068 237 3135; x_wconf 83' lang='lat' dir='ltr'>tumultuario</span> <span class='ocrx_word' id='word_1_285' title='bbox 250 3076 356 3137; x_wconf 84' lang='lat' dir='ltr'>auxilio</span> <span class='ocrx_word' id='word_1_286' title='bbox 377 3079 436 3139; x_wconf 90' lang='lat' dir='ltr'>iam</span> <span class='ocrx_word' id='word_1_287' title='bbox 457 3080 544 3140; x_wconf 86' lang='lat' dir='ltr'>etiam</span> <span class='ocrx_word' id='word_1_288' title='bbox 564 3085 659 3139; x_wconf 80' lang='lat' dir='ltr'>casnm</span> <span class='ocrx_word' id='word_1_289' title='bbox 676 3078 808 3139; x_wconf 87' lang='lat' dir='ltr'>Romana</span> <span class='ocrx_word' id='word_1_290' title='bbox 829 3076 951 3144; x_wconf 88' lang='lat' dir='ltr'>terreri,</span> <span class='ocrx_word' id='word_1_291' title='bbox 972 3082 1005 3135; x_wconf 93' lang='lat' dir='ltr'>ut</span> 
     </span>
     <span class='ocr_line' id='line_1_35' title="bbox 59 3154 1073 3241; baseline 0.003 -31"><span class='ocrx_word' id='word_1_292' title='bbox 59 3163 88 3209; x_wconf 79' lang='lat' dir='ltr'>ta</span> <span class='ocrx_word' id='word_1_293' title='bbox 102 3154 189 3217; x_wconf 88' lang='lat' dir='ltr'>modo</span> <span class='ocrx_word' id='word_1_294' title='bbox 209 3175 267 3220; x_wconf 92' lang='lat' dir='ltr'>una</span> <span class='ocrx_word' id='word_1_295' title='bbox 282 3178 382 3231; x_wconf 89' lang='lat' dir='ltr'>causa,</span> <span class='ocrx_word' id='word_1_296' title='bbox 404 3178 442 3221; x_wconf 92' lang='lat' dir='ltr'>ne</span> <span class='ocrx_word' id='word_1_297' title='bbox 456 3161 603 3241; x_wconf 84' lang='lat' dir='ltr'>extemplo</span> <span class='ocrx_word' id='word_1_298' title='bbox 621 3162 781 3222; x_wconf 84' lang='lat' dir='ltr'>transirent</span> <span class='ocrx_word' id='word_1_299' title='bbox 803 3159 914 3219; x_wconf 87' lang='lat' dir='ltr'>flumen</span> <span class='ocrx_word' id='word_1_300' title='bbox 925 3157 1003 3217; x_wconf 93' lang='lat' dir='ltr'>deri·</span> <span class='ocrx_word' id='word_1_301' title='bbox 1069 3204 1073 3213; x_wconf 22' lang='grc' dir='ltr'><em>ι</em></span> 
     </span>
     <span class='ocr_line' id='line_1_36' title="bbox 58 3242 1073 3324; baseline 0.01 -33"><span class='ocrx_word' id='word_1_302' title='bbox 58 3245 211 3320; x_wconf 77' lang='lat' dir='ltr'>parentque</span> <span class='ocrx_word' id='word_1_303' title='bbox 225 3243 331 3316; x_wconf 89' lang='lat' dir='ltr'>aciem,</span> <span class='ocrx_word' id='word_1_304' title='bbox 348 3245 473 3307; x_wconf 87' lang='lat' dir='ltr'>tenuerit</span> <span class='ocrx_word' id='word_1_305' title='bbox 487 3244 649 3314; x_wconf 87' lang='lat' dir='ltr'>Romanos,</span> <span class='ocrx_word' id='word_1_306' title='bbox 665 3242 744 3324; x_wconf 89' lang='lat' dir='ltr'>quod</span> <span class='ocrx_word' id='word_1_307' title='bbox 758 3259 873 3305; x_wconf 87' lang='lat' dir='ltr'>summa</span> <span class='ocrx_word' id='word_1_308' title='bbox 887 3242 1004 3320; x_wconf 90' lang='lat' dir='ltr'>imperti</span> <span class='ocrx_word' id='word_1_309' title='bbox 1062 3260 1073 3315; x_wconf 57' lang='grc' dir='ltr'>ς</span> 
     </span>
     <span class='ocr_line' id='line_1_37' title="bbox 58 3317 1075 3413; baseline 0.013 -42"><span class='ocrx_word' id='word_1_310' title='bbox 58 3317 154 3413; x_wconf 79' lang='lat' dir='ltr'>sodis</span> <span class='ocrx_word' id='word_1_311' title='bbox 172 3340 264 3401; x_wconf 89' lang='lat' dir='ltr'>penes</span> <span class='ocrx_word' id='word_1_312' title='bbox 285 3326 408 3390; x_wconf 88' lang='lat' dir='ltr'>Paulum</span> <span class='ocrx_word' id='word_1_313' title='bbox 430 3327 527 3390; x_wconf 82' lang='lat' dir='ltr'>luerit</span> <span class='ocrx_word' id='word_1_314' title='bbox 574 3329 673 3407; x_wconf 88' lang='lat' dir='ltr'>itaque</span> <span class='ocrx_word' id='word_1_315' title='bbox 698 3334 817 3406; x_wconf 87' lang='lat' dir='ltr'>postero</span> <span class='ocrx_word' id='word_1_316' title='bbox 838 3324 885 3387; x_wconf 88' lang='lat' dir='ltr'>die</span> <span class='ocrx_word' id='word_1_317' title='bbox 901 3325 1031 3396; x_wconf 71' lang='lat' dir='ltr'>varran</span> <span class='ocrx_word' id='word_1_318' title='bbox 1064 3326 1075 3375; x_wconf 74' lang='lat' dir='ltr'>l</span> 
     </span>
     <span class='ocr_line' id='line_1_38' title="bbox 58 3407 1075 3491; baseline 0.006 -27"><span class='ocrx_word' id='word_1_319' title='bbox 58 3411 100 3458; x_wconf 74' lang='lat'>0111</span> <span class='ocrx_word' id='word_1_320' title='bbox 118 3419 181 3466; x_wconf 88' lang='lat' dir='ltr'>sors</span> <span class='ocrx_word' id='word_1_321' title='bbox 195 3407 259 3470; x_wconf 90' lang='lat' dir='ltr'>eius</span> <span class='ocrx_word' id='word_1_322' title='bbox 273 3409 332 3472; x_wconf 87' lang='lat' dir='ltr'>diei</span> <span class='ocrx_word' id='word_1_323' title='bbox 352 3413 560 3491; x_wconf 82' lang='lat' dir='ltr'>impertierat,</span> <span class='ocrx_word' id='word_1_324' title='bbox 582 3409 656 3472; x_wconf 91' lang='lat' dir='ltr'>nihil</span> <span class='ocrx_word' id='word_1_325' title='bbox 670 3409 804 3474; x_wconf 88' lang='lat' dir='ltr'>consulto</span> <span class='ocrx_word' id='word_1_326' title='bbox 823 3407 946 3489; x_wconf 77' lang='lat' dir='ltr'>conlega</span> <span class='ocrx_word' id='word_1_327' title='bbox 964 3410 1004 3470; x_wconf 90' lang='lat' dir='ltr'>si·</span> <span class='ocrx_word' id='word_1_328' title='bbox 1063 3438 1075 3479; x_wconf 39' lang='grc' dir='ltr'><em>ξ</em></span> 
     </span>
     <span class='ocr_line' id='line_1_39' title="bbox 57 3490 1073 3574; baseline -0.002 -20"><span class='ocrx_word' id='word_1_329' title='bbox 57 3493 141 3554; x_wconf 71' lang='lat' dir='ltr'>dnum</span> <span class='ocrx_word' id='word_1_330' title='bbox 160 3495 313 3571; x_wconf 85' lang='lat' dir='ltr'>proposuit</span> <span class='ocrx_word' id='word_1_331' title='bbox 332 3495 547 3574; x_wconf 86' lang='lat' dir='ltr'>instructasque</span> <span class='ocrx_word' id='word_1_332' title='bbox 568 3494 666 3574; x_wconf 90' lang='lat' dir='ltr'>copias</span> <span class='ocrx_word' id='word_1_333' title='bbox 684 3496 794 3557; x_wconf 90' lang='lat' dir='ltr'>llnmen</span> <span class='ocrx_word' id='word_1_334' title='bbox 815 3493 944 3556; x_wconf 82' lang='lat' dir='ltr'>traduxit</span> <span class='ocrx_word' id='word_1_335' title='bbox 956 3509 1001 3552; x_wconf 90' lang='lat' dir='ltr'>se·</span> <span class='ocrx_word' id='word_1_336' title='bbox 1061 3490 1073 3537; x_wconf 66' lang='lat' dir='ltr'>a</span> 
     </span>
    </p>
   </div>
   <div class='ocr_carea' id='block_1_3' title="bbox 0 0 1180 3922">
    <p class='ocr_par' dir='ltr' id='par_1_4' title="bbox 0 0 1180 3922">
     <span class='ocr_line' id='line_1_40' title="bbox 0 0 1180 3922; baseline 0 0"><span class='ocrx_word' id='word_1_337' title='bbox 0 0 1180 3922; x_wconf 95' lang='lat' dir='ltr'> </span> 
     </span>
    </p>
   </div>
  </div>
 </body>
</html>
