2396 3920
312 215 407 258 creua
424 217 480 260 vu.
498 216 567 261 car.
582 205 607 257 6.
625 209 652 258 7.
670 197 709 280 [a.
726 197 839 280 &3621
1035 202 1063 265 7,

86 370 227 447 quiquam
239 365 382 435 misisset,
395 365 493 446 primo
505 384 622 448 quoque
636 365 683 427 die
696 366 851 427 ferendum
867 367 903 428 ad
914 365 1059 446 populum

84 452 119 513 de
138 449 224 512 bello
237 447 399 511 indicendo
410 449 546 511 Hernicis
563 450 686 520 censuit,
702 448 886 531 populusque
899 450 930 510 id
946 447 1056 511 bellum

84 538 231 615 frequens
248 534 345 593 iussit.
367 532 399 593 h.
413 533 544 594 Genucio
557 533 671 595 consuli
685 552 721 596 ea
733 535 884 614 provincia
899 541 979 595 sorte
991 532 1090 594 erc-⁸
1193 594 1194 597 ,

84 623 137 680 uit.
164 620 199 678 in
214 617 422 696 expectatione
436 618 537 678 civitas
552 626 625 691 erat,
637 618 716 697 quod
729 618 844 699 primus
855 616 907 679 ille
919 617 956 679 de
969 616 1056 697 plebe

83 702 191 767 consul
207 700 323 763 bellum
338 703 400 761 suis
409 703 546 780 auspiciis
555 710 691 780 gesturus
705 708 791 773 esset,
804 701 929 781 perinde
942 710 976 762 ut
990 718 1056 762 ere·

84 789 180 849 uisset
197 802 263 855 res,
287 786 329 845 ita
344 785 575 847 communientes
596 785 726 847 honores
743 803 798 864 pro
811 784 889 846 bene
905 792 957 848 aut
972 802 1057 846 secus

83 869 226 933 consulto
242 868 389 930 habitura.
411 868 489 931 lorte
502 871 543 930 ita
559 868 628 931 tulit
637 888 731 941 casus,
746 877 780 931 ut
790 869 938 931 Genucius
952 869 989 929 ad
1003 867 1055 929 ho·
1070 874 1088 926 9

87 963 147 1015 stes
159 971 281 1032 magno
301 959 408 1015 conatu
427 953 579 1033 proiectus
598 954 630 1015 iu
650 955 772 1017 insidias
786 954 1010 1032 praecipitaret,
1028 960 1058 1011 et

86 1038 259 1116 legionibus
278 1037 454 1116 necopinato
474 1055 583 1118 pavore
605 1037 679 1099 lusis
701 1036 816 1107 consul,
837 1038 1056 1098 circumventus

88 1125 126 1184 ab
140 1123 255 1192 insciis,
274 1139 362 1200 quem
375 1123 611 1201 intercepissent,
626 1122 821 1183 occideretur.
850 1119 929 1201 quod
946 1119 998 1181 ubi
1012 1127 1057 1180 est
1066 1128 1099 1179 lt

88 1207 217 1268 Romam
233 1207 409 1276 nundatum,
424 1222 610 1287 nequaquam
627 1213 741 1267 autum
757 1204 876 1285 publica
891 1202 1056 1265 calamitate

90 1291 198 1351 maesti
207 1295 315 1366 patres,
332 1296 474 1368 quantum
489 1290 605 1352 seroces
617 1288 729 1351 infelici
743 1287 873 1352 consulis
887 1287 987 1367 plebei
1002 1286 1055 1347 du·

92 1382 143 1434 ctu
166 1371 298 1433 lremuut
318 1371 456 1434 omuibus
475 1371 564 1434 locis:
589 1375 683 1444 irent,
707 1380 844 1434 crearent
862 1370 998 1434 consules
1020 1389 1056 1431 ex

93 1455 194 1534 plebe,
211 1455 406 1517 transferrent
421 1458 629 1537 auspiciaque
647 1456 731 1516 nefas
746 1463 832 1517 esset.
862 1457 1097 1534 potuissem-11
1151 1530 1155 1537 ἡ

97 1548 163 1598 tres
182 1535 350 1615 plebiscito
367 1536 614 1618 pellihonorihus
634 1540 710 1606 suis;
730 1555 802 1598 num
823 1538 911 1597 etiam
931 1540 963 1596 in
985 1536 1056 1596 deos

95 1619 266 1683 inmortales
283 1622 496 1703 inauspicatam
513 1622 610 1701 legem
632 1619 775 1682 valuisset
797 1619 960 1681 vindicasse
975 1620 1055 1699 ipsos

5 1782 6 1785 Ἴ
90 1723 180 1767 suum
195 1723 314 1778 numen,
332 1724 385 1767 sua
403 1708 541 1786 auspicia,
558 1723 633 1785 quae
649 1712 683 1765 ut
698 1706 827 1784 primum
847 1711 981 1766 contacta
997 1704 1057 1765 sint

90 1789 130 1850 ab
144 1805 190 1859 eo,
204 1808 221 1848 a
235 1808 294 1869 quo
309 1808 367 1851 nee
380 1792 428 1851 ius
442 1808 498 1851 uec
513 1790 557 1850 ias
572 1790 670 1860 luerit,
686 1787 816 1850 deletum
830 1805 898 1849 cum
913 1787 988 1850 duce
1005 1788 1055 1850 'ex-

89 1873 219 1933 ercitum
235 1873 413 1934 documento
428 1873 526 1944 luisse,
541 1892 579 1935 ne
594 1872 701 1934 deiude
715 1872 834 1935 turbato
844 1874 976 1951 gentium
990 1876 1056 1933 iure

88 1958 212 2017 comitia
225 1956 416 2019 haberentur.
448 1957 495 2018 his
512 1956 632 2019 vocibus
648 1958 729 2018 curia
747 1964 776 2016 et
792 1956 890 2018 iorum
905 1964 1055 2035 personat.
1067 1960 1099 2009 12

4 2112 6 2117 ,
87 2041 145 2120 rip.
162 2039 324 2112 ClaudIum,
340 2044 406 2121 quia
423 2041 600 2110 dissuaserat
613 2039 718 2120 legem,
732 2042 845 2101 maiore
861 2057 941 2101 nunc
955 2049 1054 2100 aucto-

87 2126 180 2185 ritate
195 2134 332 2186 eventum
350 2125 524 2206 reprehensi
537 2124 573 2186 ab
589 2143 623 2186 se
634 2124 748 2185 consilii
757 2125 950 2194 incursantem,
964 2123 1054 2182 dicta-

90 2222 188 2271 orem
211 2218 357 2270 consensu
378 2211 570 2288 patriciorum
585 2208 726 2270 Servilius
750 2206 853 2269 consul
873 2207 957 2276 dicit,
983 2205 1055 2266 dile-

88 2301 215 2369 ctusque
230 2299 260 2353 et
273 2294 416 2354 iustitium
431 2292 585 2354 indictum.

151 2374 212 2436 vll.
231 2376 407 2456 Priusquam
423 2377 548 2438 dictator
560 2376 751 2457 legionesque
762 2393 854 2437 novae
870 2377 902 2437 in
913 2375 1057 2437 Hernicos
1074 2379 1086 2428 l
1193 2368 1194 2431 Ῐ

87 2459 236 2530 venirent,
254 2459 345 2521 ductu
359 2461 390 2522 C.
407 2459 518 2540 Sulpici
533 2459 623 2539 legati
637 2476 686 2519 res
701 2477 756 2539 per
772 2461 958 2520 occasionem
973 2465 1055 2537 gesta

86 2544 211 2621 egregie
232 2551 287 2604 est.
323 2547 356 2604 in
369 2543 531 2615 Hernicos,
549 2550 645 2605 morte
665 2542 793 2603 consulis
811 2544 1004 2620 contemptim
1020 2541 1088 2600 adt

86 2632 188 2686 castra
201 2624 337 2688 Romana
352 2645 419 2688 cum
433 2628 511 2689 haud
527 2626 615 2689 dubia
631 2624 819 2705 expugnandi
828 2635 883 2704 spe
895 2621 1056 2685 succeden-

87 2719 144 2778 tes,
160 2708 299 2772 hortante
317 2710 413 2790 legato
428 2719 458 2772 et
472 2710 569 2790 plenis
589 2712 651 2772 irae
667 2719 754 2790 atque
775 2707 958 2787 indignitatis
977 2706 1055 2770 mili·

85 2802 152 2853 tum
168 2796 275 2856 animis
289 2797 405 2875 eruptio
420 2802 466 2855 est
476 2795 562 2856 lacta.
588 2793 713 2856 multum
728 2793 765 2854 ab
780 2812 833 2874 spe
846 2792 974 2854 adeundi
989 2789 1056 2856 valli
1079 2822 1082 2831 «

85 2893 139 2936 res
149 2874 286 2939 Hernicis
300 2876 387 2940 aluit:
403 2878 477 2940 adeo
492 2877 617 2941 turbatis
627 2878 697 2938 iude
712 2877 865 2939 ordinibus
876 2876 1055 2938 abscessere.
1071 2882 1087 2934 3

84 2959 242 3022 dictatoris
261 2961 370 3024 deinde
384 2962 512 3024 adventu
530 2981 623 3025 novus
641 2964 734 3022 reteri
751 2963 898 3023 exercitus
913 2962 1054 3039 iungitur,

86 3051 119 3102 et
138 3046 242 3124 copiae
263 3045 467 3125 duplicantur;
490 3054 519 3106 et
538 3064 595 3126 pro
619 3047 757 3106 contione
776 3045 901 3106 dictator
920 3042 1056 3105 laudibus

86 3125 179 3206 legati
200 3127 401 3210 mihtumque,
424 3146 550 3209 quorum
570 3131 677 3191 virtute
696 3137 792 3191 castra
818 3129 938 3189 defensa
961 3134 1055 3196 erant,

85 3210 178 3271 simul
191 3212 378 3274 audientibus
390 3213 492 3274 laudes
506 3215 627 3274 meritas
642 3211 718 3274 tollit
732 3215 861 3280 animos,
876 3209 964 3272 simul
978 3217 1055 3272 cete-

86 3310 140 3354 ros
154 3294 191 3356 ad
205 3296 397 3359 aemulandas
408 3299 531 3358 virtutes
548 3298 635 3359 acuit.
662 3314 758 3375 neque
772 3297 891 3371 segnius
906 3294 943 3354 ad
957 3296 1058 3356 hostes
1072 3305 1088 3350 4

85 3376 201 3439 bellum
216 3389 385 3460 apparatur,
404 3383 455 3460 qui
473 3389 503 3442 et
516 3382 595 3459 parti
615 3390 684 3440 ante
701 3379 817 3439 decoris
836 3396 984 3440 memores
1004 3395 1057 3438 ne-

84 3480 148 3541 que
164 3464 263 3540 ignari
286 3475 439 3527 auctarum
458 3464 566 3526 virium
581 3464 674 3524 hostis
692 3480 761 3524 suas
781 3480 898 3542 quoque
913 3464 989 3522 vires
1005 3478 1056 3519 au·
