<?xml version="1.0" encoding="UTF-8"?>
<!DOCTYPE html PUBLIC "-//W3C//DTD XHTML 1.0 Transitional//EN"
    "http://www.w3.org/TR/xhtml1/DTD/xhtml1-transitional.dtd">
<html xmlns="http://www.w3.org/1999/xhtml" xml:lang="en" lang="en">
 <head>
  <title>
</title>
<meta http-equiv="Content-Type" content="text/html;charset=utf-8" />
  <meta name='ocr-system' content='tesseract 3.04.00' />
  <meta name='ocr-capabilities' content='ocr_page ocr_carea ocr_par ocr_line ocrx_word'/>
</head>
<body>
  <div class='ocr_page' id='page_1' title='image "./aburbeconditali11livygoog_0239.png"; bbox 0 0 2290 3920; ppageno 0'>
   <div class='ocr_carea' id='block_1_1' title="bbox 175 219 943 306">
    <p class='ocr_par' dir='ltr' id='par_1_1' title="bbox 175 112 1129 361">
     <span class='ocr_line' id='line_1_1' title="bbox 175 219 943 306; baseline -0.006 -19"><span class='ocrx_word' id='word_1_1' title='bbox 175 230 238 293; x_wconf 71' lang='grc'>230</span> <span class='ocrx_word' id='word_1_2' title='bbox 339 243 433 286; x_wconf 80' lang='lat' dir='ltr'>mnan</span> <span class='ocrx_word' id='word_1_3' title='bbox 453 244 517 285; x_wconf 81' lang='lat' dir='ltr'>xxi.</span> <span class='ocrx_word' id='word_1_4' title='bbox 533 241 601 285; x_wconf 79' lang='lat' dir='ltr'>oar.</span> <span class='ocrx_word' id='word_1_5' title='bbox 618 228 662 284; x_wconf 79' lang='lat'>81.</span> <span class='ocrx_word' id='word_1_6' title='bbox 678 231 722 285; x_wconf 80' lang='lat'>32.</span> <span class='ocrx_word' id='word_1_7' title='bbox 738 219 779 305; x_wconf 89' lang='lat' dir='ltr'>[a.</span> <span class='ocrx_word' id='word_1_8' title='bbox 795 245 826 290; x_wconf 85' lang='lat' dir='ltr'>n.</span> <span class='ocrx_word' id='word_1_9' title='bbox 840 244 866 288; x_wconf 82' lang='lat' dir='ltr'>o.</span> <span class='ocrx_word' id='word_1_10' title='bbox 883 219 943 306; x_wconf 70' lang='lat' dir='ltr'>aab]</span> 
     </span>
    </p>
   </div>
   <div class='ocr_carea' id='block_1_2' title="bbox 67 388 1135 3557">
    <p class='ocr_par' dir='ltr' id='par_1_2' title="bbox 148 388 1099 553">
     <span class='ocr_line' id='line_1_2' title="bbox 148 388 1099 471; baseline -0.001 -20"><span class='ocrx_word' id='word_1_11' title='bbox 148 390 291 452; x_wconf 80' lang='lat' dir='ltr'>aiusulac</span> <span class='ocrx_word' id='word_1_12' title='bbox 306 407 414 452; x_wconf 89' lang='lat' dir='ltr'>nomen</span> <span class='ocrx_word' id='word_1_13' title='bbox 429 390 563 452; x_wconf 91' lang='lat' dir='ltr'>inditum.</span> <span class='ocrx_word' id='word_1_14' title='bbox 597 389 730 452; x_wconf 80' lang='lat' dir='ltr'>incolunt</span> <span class='ocrx_word' id='word_1_15' title='bbox 747 408 841 471; x_wconf 89' lang='lat' dir='ltr'>prope</span> <span class='ocrx_word' id='word_1_16' title='bbox 854 388 1029 469; x_wconf 71' lang='lat' dir='ltr'><strong>Allobroges,</strong></span> <span class='ocrx_word' id='word_1_17' title='bbox 1044 405 1099 468; x_wconf 88' lang='lat' dir='ltr'>gana</span> 
     </span>
     <span class='ocr_line' id='line_1_3' title="bbox 176 472 1098 553; baseline -0.002 -19"><span class='ocrx_word' id='word_1_18' title='bbox 176 476 234 535; x_wconf 92' lang='lat' dir='ltr'>iam</span> <span class='ocrx_word' id='word_1_19' title='bbox 257 475 327 535; x_wconf 89' lang='lat' dir='ltr'>iude</span> <span class='ocrx_word' id='word_1_20' title='bbox 349 472 429 536; x_wconf 91' lang='lat' dir='ltr'>nulla</span> <span class='ocrx_word' id='word_1_21' title='bbox 449 473 559 535; x_wconf 87' lang='lat' dir='ltr'>Gallica</span> <span class='ocrx_word' id='word_1_22' title='bbox 579 482 666 553; x_wconf 89' lang='lat' dir='ltr'>gente</span> <span class='ocrx_word' id='word_1_23' title='bbox 688 473 793 553; x_wconf 91' lang='lat' dir='ltr'>opibus</span> <span class='ocrx_word' id='word_1_24' title='bbox 819 481 869 534; x_wconf 91' lang='lat' dir='ltr'>aut</span> <span class='ocrx_word' id='word_1_25' title='bbox 895 474 970 534; x_wconf 83' lang='lat' dir='ltr'>lama</span> <span class='ocrx_word' id='word_1_26' title='bbox 990 473 1098 533; x_wconf 89' lang='lat' dir='ltr'>inierior.</span> 
     </span>
    </p>

    <p class='ocr_par' dir='ltr' id='par_1_3' title="bbox 147 555 1129 813">
     <span class='ocr_line' id='line_1_4' title="bbox 147 555 1098 636; baseline -0.001 -18"><span class='ocrx_word' id='word_1_27' title='bbox 147 565 238 619; x_wconf 80' lang='lat' dir='ltr'>atum</span> <span class='ocrx_word' id='word_1_28' title='bbox 260 559 373 620; x_wconf 82' lang='lat' dir='ltr'>discors</span> <span class='ocrx_word' id='word_1_29' title='bbox 399 564 472 618; x_wconf 90' lang='lat' dir='ltr'>erat.</span> <span class='ocrx_word' id='word_1_30' title='bbox 512 559 598 635; x_wconf 89' lang='lat' dir='ltr'>regni</span> <span class='ocrx_word' id='word_1_31' title='bbox 616 559 778 619; x_wconf 88' lang='lat' dir='ltr'>certamine</span> <span class='ocrx_word' id='word_1_32' title='bbox 794 556 980 636; x_wconf 73' lang='lat' dir='ltr'><strong>ambigebant</strong></span> <span class='ocrx_word' id='word_1_33' title='bbox 1001 555 1098 625; x_wconf 83' lang='lat' dir='ltr'>iratres:</span> 
     </span>
     <span class='ocr_line' id='line_1_5' title="bbox 177 640 1099 724; baseline -0.005 -21"><span class='ocrx_word' id='word_1_34' title='bbox 177 644 271 703; x_wconf 90' lang='lat' dir='ltr'>maior</span> <span class='ocrx_word' id='word_1_35' title='bbox 282 646 312 703; x_wconf 83' lang='lat' dir='ltr'>et‘</span> <span class='ocrx_word' id='word_1_36' title='bbox 327 643 379 724; x_wconf 90' lang='lat' dir='ltr'>qui</span> <span class='ocrx_word' id='word_1_37' title='bbox 397 643 480 720; x_wconf 92' lang='lat' dir='ltr'>prius</span> <span class='ocrx_word' id='word_1_38' title='bbox 501 642 697 721; x_wconf 68' lang='lat' dir='ltr'><strong>imperitant,</strong></span> <span class='ocrx_word' id='word_1_39' title='bbox 719 642 851 702; x_wconf 80' lang='lat' dir='ltr'>brandus</span> <span class='ocrx_word' id='word_1_40' title='bbox 866 642 995 710; x_wconf 88' lang='lat' dir='ltr'>nomine,</span> <span class='ocrx_word' id='word_1_41' title='bbox 1009 640 1099 701; x_wconf 86' lang='lat' dir='ltr'>minore</span> 
     </span>
     <span class='ocr_line' id='line_1_6' title="bbox 178 722 1129 813; baseline -0.005 -24"><span class='ocrx_word' id='word_1_42' title='bbox 178 725 214 789; x_wconf 91' lang='lat' dir='ltr'>ab</span> <span class='ocrx_word' id='word_1_43' title='bbox 230 726 322 788; x_wconf 83' lang='lat' dir='ltr'>fratre</span> <span class='ocrx_word' id='word_1_44' title='bbox 337 735 367 788; x_wconf 93' lang='lat' dir='ltr'>et</span> <span class='ocrx_word' id='word_1_45' title='bbox 380 732 467 787; x_wconf 88' lang='lat' dir='ltr'>coetu</span> <span class='ocrx_word' id='word_1_46' title='bbox 478 726 643 794; x_wconf 88' lang='lat' dir='ltr'>iuniorum,</span> <span class='ocrx_word' id='word_1_47' title='bbox 660 726 710 804; x_wconf 83' lang='lat' dir='ltr'>qui</span> <span class='ocrx_word' id='word_1_48' title='bbox 724 726 789 785; x_wconf 88' lang='lat' dir='ltr'>inre</span> <span class='ocrx_word' id='word_1_49' title='bbox 800 726 912 795; x_wconf 87' lang='lat' dir='ltr'>minus,</span> <span class='ocrx_word' id='word_1_50' title='bbox 924 725 951 784; x_wconf 82' lang='lat' dir='ltr'>ai</span> <span class='ocrx_word' id='word_1_51' title='bbox 964 722 1026 803; x_wconf 92' lang='lat' dir='ltr'>plus</span> <span class='ocrx_word' id='word_1_52' title='bbox 1039 729 1098 803; x_wconf 88' lang='lat' dir='ltr'>pote·</span> <span class='ocrx_word' id='word_1_53' title='bbox 1128 796 1129 813; x_wconf 12' lang='grc' dir='ltr'>χ</span> 
     </span>
    </p>

    <p class='ocr_par' dir='ltr' id='par_1_4' title="bbox 149 807 1129 1058">
     <span class='ocr_line' id='line_1_7' title="bbox 149 807 1099 891; baseline -0.003 -24"><span class='ocrx_word' id='word_1_54' title='bbox 149 818 165 867; x_wconf 83' lang='grc'><strong>7</strong></span> <span class='ocrx_word' id='word_1_55' title='bbox 177 817 239 880; x_wconf 89' lang='lat' dir='ltr'>rat,</span> <span class='ocrx_word' id='word_1_56' title='bbox 255 809 428 891; x_wconf 79' lang='lat' dir='ltr'>pellebatur.</span> <span class='ocrx_word' id='word_1_57' title='bbox 458 809 544 870; x_wconf 89' lang='lat' dir='ltr'>buius</span> <span class='ocrx_word' id='word_1_58' title='bbox 558 808 712 870; x_wconf 79' lang='lat' dir='ltr'>seditionis</span> <span class='ocrx_word' id='word_1_59' title='bbox 724 815 945 888; x_wconf 90' lang='lat' dir='ltr'>peropportuna</span> <span class='ocrx_word' id='word_1_60' title='bbox 960 807 1099 885; x_wconf 86' lang='lat' dir='ltr'>disceptatio</span> 
     </span>
     <span class='ocr_line' id='line_1_8' title="bbox 178 890 1129 971; baseline -0.006 -16"><span class='ocrx_word' id='word_1_61' title='bbox 178 894 300 956; x_wconf 87' lang='lat' dir='ltr'>eumad</span> <span class='ocrx_word' id='word_1_62' title='bbox 319 892 513 956; x_wconf 89' lang='lat' dir='ltr'>Hannibalem</span> <span class='ocrx_word' id='word_1_63' title='bbox 534 894 645 953; x_wconf 89' lang='lat' dir='ltr'>reiecta</span> <span class='ocrx_word' id='word_1_64' title='bbox 668 899 760 963; x_wconf 86' lang='lat' dir='ltr'>esset,</span> <span class='ocrx_word' id='word_1_65' title='bbox 788 891 900 953; x_wconf 79' lang='lat' dir='ltr'>arbiter</span> <span class='ocrx_word' id='word_1_66' title='bbox 920 892 1003 971; x_wconf 90' lang='lat' dir='ltr'>regni</span> <span class='ocrx_word' id='word_1_67' title='bbox 1022 890 1098 957; x_wconf 79' lang='lat' dir='ltr'>laona</span> <span class='ocrx_word' id='word_1_68' title='bbox 1128 956 1129 965; x_wconf 60' lang='lat'>.</span> 
     </span>
     <span class='ocr_line' id='line_1_9' title="bbox 178 974 1099 1058; baseline -0.008 -19"><span class='ocrx_word' id='word_1_69' title='bbox 178 978 257 1058; x_wconf 87' lang='lat' dir='ltr'>quod</span> <span class='ocrx_word' id='word_1_70' title='bbox 273 995 307 1039; x_wconf 90' lang='lat' dir='ltr'>ea</span> <span class='ocrx_word' id='word_1_71' title='bbox 320 984 439 1038; x_wconf 89' lang='lat' dir='ltr'>senatus</span> <span class='ocrx_word' id='word_1_72' title='bbox 453 976 677 1056; x_wconf 80' lang='lat' dir='ltr'>principumque</span> <span class='ocrx_word' id='word_1_73' title='bbox 691 977 836 1037; x_wconf 88' lang='lat' dir='ltr'>sententia</span> <span class='ocrx_word' id='word_1_74' title='bbox 850 975 960 1046; x_wconf 86' lang='lat' dir='ltr'>iuerat,</span> <span class='ocrx_word' id='word_1_75' title='bbox 975 974 1099 1054; x_wconf 88' lang='lat' dir='ltr'>imperim</span> 
     </span>
    </p>

    <p class='ocr_par' dir='ltr' id='par_1_5' title="bbox 150 1058 1099 1223">
     <span class='ocr_line' id='line_1_10' title="bbox 150 1058 1099 1140; baseline -0.004 -19"><span class='ocrx_word' id='word_1_76' title='bbox 150 1062 283 1121; x_wconf 74' lang='lat' dir='ltr'>amalori</span> <span class='ocrx_word' id='word_1_77' title='bbox 296 1061 433 1122; x_wconf 82' lang='lat' dir='ltr'>restituit.</span> <span class='ocrx_word' id='word_1_78' title='bbox 460 1059 498 1120; x_wconf 96' lang='lat' dir='ltr'>ob</span> <span class='ocrx_word' id='word_1_79' title='bbox 511 1058 543 1118; x_wconf 94' lang='lat' dir='ltr'>id</span> <span class='ocrx_word' id='word_1_80' title='bbox 553 1060 693 1120; x_wconf 87' lang='lat' dir='ltr'>meritum</span> <span class='ocrx_word' id='word_1_81' title='bbox 703 1065 870 1123; x_wconf 79' lang='lat' dir='ltr'>commeatu</span> <span class='ocrx_word' id='word_1_82' title='bbox 880 1059 1018 1140; x_wconf 86' lang='lat' dir='ltr'>copiaque</span> <span class='ocrx_word' id='word_1_83' title='bbox 1026 1072 1099 1118; x_wconf 84' lang='lat' dir='ltr'>reram</span> 
     </span>
     <span class='ocr_line' id='line_1_11' title="bbox 179 1139 1099 1223; baseline -0.007 -18"><span class='ocrx_word' id='word_1_84' title='bbox 179 1146 322 1214; x_wconf 87' lang='lat' dir='ltr'>omnium,</span> <span class='ocrx_word' id='word_1_85' title='bbox 344 1144 471 1203; x_wconf 89' lang='lat' dir='ltr'>maxime</span> <span class='ocrx_word' id='word_1_86' title='bbox 489 1144 591 1214; x_wconf 88' lang='lat' dir='ltr'>vestis,</span> <span class='ocrx_word' id='word_1_87' title='bbox 610 1150 656 1203; x_wconf 92' lang='lat' dir='ltr'>est</span> <span class='ocrx_word' id='word_1_88' title='bbox 670 1143 800 1214; x_wconf 89' lang='lat' dir='ltr'>adiutus,</span> <span class='ocrx_word' id='word_1_89' title='bbox 823 1161 914 1223; x_wconf 61' lang='lat' dir='ltr'>mam</span> <span class='ocrx_word' id='word_1_90' title='bbox 934 1142 1049 1203; x_wconf 81' lang='lat' dir='ltr'>infames</span> <span class='ocrx_word' id='word_1_91' title='bbox 1064 1139 1099 1199; x_wconf 85' lang='lat' dir='ltr'>iri·</span> 
     </span>
    </p>

    <p class='ocr_par' dir='ltr' id='par_1_6' title="bbox 80 1224 1100 1474">
     <span class='ocr_line' id='line_1_12' title="bbox 151 1224 1099 1311; baseline -0.006 -24"><span class='ocrx_word' id='word_1_92' title='bbox 151 1226 300 1306; x_wconf 79' lang='lat' dir='ltr'>agonibus</span> <span class='ocrx_word' id='word_1_93' title='bbox 312 1224 399 1307; x_wconf 79' lang='lat' dir='ltr'>alipes</span> <span class='ocrx_word' id='word_1_94' title='bbox 414 1227 585 1306; x_wconf 89' lang='lat' dir='ltr'>praeparari</span> <span class='ocrx_word' id='word_1_95' title='bbox 601 1225 755 1305; x_wconf 81' lang='lat' dir='ltr'>cogebant.</span> <span class='ocrx_word' id='word_1_96' title='bbox 785 1226 895 1288; x_wconf 85' lang='lat' dir='ltr'>sedatis</span> <span class='ocrx_word' id='word_1_97' title='bbox 909 1224 1045 1311; x_wconf 80' lang='lat' dir='ltr'>Hannibal</span> <span class='ocrx_word' id='word_1_98' title='bbox 1056 1238 1099 1283; x_wconf 85' lang='lat' dir='ltr'>cer·</span> 
     </span>
     <span class='ocr_line' id='line_1_13' title="bbox 80 1308 1100 1391; baseline -0.008 -19"><span class='ocrx_word' id='word_1_99' title='bbox 80 1318 159 1385; x_wconf 63' lang='lat' dir='ltr'><em>s</em></span> <span class='ocrx_word' id='word_1_100' title='bbox 178 1309 340 1372; x_wconf 89' lang='lat' dir='ltr'>tamintbus</span> <span class='ocrx_word' id='word_1_101' title='bbox 355 1308 546 1389; x_wconf 83' lang='lat' dir='ltr'>Allobrogum</span> <span class='ocrx_word' id='word_1_102' title='bbox 564 1328 631 1371; x_wconf 92' lang='lat' dir='ltr'>cum</span> <span class='ocrx_word' id='word_1_103' title='bbox 650 1311 709 1371; x_wconf 91' lang='lat' dir='ltr'>iam</span> <span class='ocrx_word' id='word_1_104' title='bbox 724 1309 812 1389; x_wconf 81' lang='lat' dir='ltr'>Alpes</span> <span class='ocrx_word' id='word_1_105' title='bbox 826 1318 957 1391; x_wconf 88' lang='lat' dir='ltr'>peteret,</span> <span class='ocrx_word' id='word_1_106' title='bbox 978 1327 1033 1371; x_wconf 91' lang='lat' dir='ltr'>non</span> <span class='ocrx_word' id='word_1_107' title='bbox 1044 1311 1100 1367; x_wconf 88' lang='lat' dir='ltr'>recta</span> 
     </span>
     <span class='ocr_line' id='line_1_14' title="bbox 178 1390 1098 1474; baseline -0.001 -19"><span class='ocrx_word' id='word_1_108' title='bbox 178 1398 301 1474; x_wconf 78' lang='lat' dir='ltr'>regione</span> <span class='ocrx_word' id='word_1_109' title='bbox 314 1396 372 1456; x_wconf 90' lang='lat' dir='ltr'>iter</span> <span class='ocrx_word' id='word_1_110' title='bbox 386 1395 524 1463; x_wconf 87' lang='lat' dir='ltr'>instituit,</span> <span class='ocrx_word' id='word_1_111' title='bbox 548 1393 601 1455; x_wconf 87' lang='lat' dir='ltr'>sed</span> <span class='ocrx_word' id='word_1_112' title='bbox 617 1393 654 1454; x_wconf 87' lang='lat' dir='ltr'>ad</span> <span class='ocrx_word' id='word_1_113' title='bbox 669 1392 781 1454; x_wconf 86' lang='lat' dir='ltr'>laevam</span> <span class='ocrx_word' id='word_1_114' title='bbox 795 1395 826 1456; x_wconf 90' lang='lat' dir='ltr'>iu</span> <span class='ocrx_word' id='word_1_115' title='bbox 840 1394 1019 1456; x_wconf 80' lang='lat' dir='ltr'>Tricastinos</span> <span class='ocrx_word' id='word_1_116' title='bbox 1031 1390 1098 1453; x_wconf 84' lang='lat' dir='ltr'>ierit:</span> 
     </span>
    </p>

    <p class='ocr_par' dir='ltr' id='par_1_7' title="bbox 178 1472 1099 1642">
     <span class='ocr_line' id='line_1_15' title="bbox 178 1472 1099 1561; baseline -0.007 -21"><span class='ocrx_word' id='word_1_117' title='bbox 178 1478 248 1540; x_wconf 89' lang='lat' dir='ltr'>inde</span> <span class='ocrx_word' id='word_1_118' title='bbox 261 1496 317 1561; x_wconf 87' lang='lat' dir='ltr'>per</span> <span class='ocrx_word' id='word_1_119' title='bbox 332 1485 493 1540; x_wconf 86' lang='lat' dir='ltr'>extremam</span> <span class='ocrx_word' id='word_1_120' title='bbox 509 1496 591 1539; x_wconf 91' lang='lat' dir='ltr'>oram</span> <span class='ocrx_word' id='word_1_121' title='bbox 605 1479 816 1539; x_wconf 88' lang='lat' dir='ltr'>Vocontiorum</span> <span class='ocrx_word' id='word_1_122' title='bbox 836 1480 904 1556; x_wconf 91' lang='lat' dir='ltr'>agri</span> <span class='ocrx_word' id='word_1_123' title='bbox 917 1477 1008 1539; x_wconf 89' lang='lat' dir='ltr'>tendit</span> <span class='ocrx_word' id='word_1_124' title='bbox 1019 1472 1099 1536; x_wconf 77' lang='lat' dir='ltr'>iniri·</span> 
     </span>
     <span class='ocr_line' id='line_1_16' title="bbox 180 1557 1099 1642; baseline -0.008 -18"><span class='ocrx_word' id='word_1_125' title='bbox 180 1565 276 1625; x_wconf 90' lang='lat' dir='ltr'>corios</span> <span class='ocrx_word' id='word_1_126' title='bbox 289 1562 368 1624; x_wconf 90' lang='lat' dir='ltr'>haud</span> <span class='ocrx_word' id='word_1_127' title='bbox 378 1579 501 1642; x_wconf 89' lang='lat' dir='ltr'>usquam</span> <span class='ocrx_word' id='word_1_128' title='bbox 515 1561 645 1642; x_wconf 87' lang='lat' dir='ltr'>inpedita</span> <span class='ocrx_word' id='word_1_129' title='bbox 656 1562 903 1642; x_wconf 68' lang='lat' dir='ltr'>via„priusquam</span> <span class='ocrx_word' id='word_1_130' title='bbox 918 1562 955 1623; x_wconf 90' lang='lat' dir='ltr'>ad</span> <span class='ocrx_word' id='word_1_131' title='bbox 966 1557 1099 1624; x_wconf 83' lang='lat' dir='ltr'>Druentiam</span> 
     </span>
    </p>

    <p class='ocr_par' dir='ltr' id='par_1_8' title="bbox 67 1641 1099 1803">
     <span class='ocr_line' id='line_1_17' title="bbox 67 1641 1099 1726; baseline -0.007 -20"><span class='ocrx_word' id='word_1_132' title='bbox 67 1654 69 1657; x_wconf 77' lang='grc'><strong>’</strong></span> <span class='ocrx_word' id='word_1_133' title='bbox 138 1652 171 1706; x_wconf 83' lang='grc'>10</span> <span class='ocrx_word' id='word_1_134' title='bbox 180 1647 290 1709; x_wconf 88' lang='lat' dir='ltr'>llumen</span> <span class='ocrx_word' id='word_1_135' title='bbox 305 1646 448 1726; x_wconf 82' lang='lat' dir='ltr'>pervenit.</span> <span class='ocrx_word' id='word_1_136' title='bbox 480 1647 506 1706; x_wconf 89' lang='lat' dir='ltr'>is</span> <span class='ocrx_word' id='word_1_137' title='bbox 530 1652 559 1705; x_wconf 91' lang='lat' dir='ltr'>et</span> <span class='ocrx_word' id='word_1_138' title='bbox 572 1647 636 1723; x_wconf 88' lang='lat' dir='ltr'>ipse</span> <span class='ocrx_word' id='word_1_139' title='bbox 651 1643 773 1725; x_wconf 74' lang='lat' dir='ltr'>Alpinus</span> <span class='ocrx_word' id='word_1_140' title='bbox 792 1647 889 1706; x_wconf 90' lang='lat' dir='ltr'>amnis</span> <span class='ocrx_word' id='word_1_141' title='bbox 903 1645 989 1724; x_wconf 89' lang='lat' dir='ltr'>longe</span> <span class='ocrx_word' id='word_1_142' title='bbox 1002 1641 1099 1703; x_wconf 87' lang='lat' dir='ltr'>omniun</span> 
     </span>
     <span class='ocr_line' id='line_1_18' title="bbox 181 1727 1099 1803; baseline -0.008 -10"><span class='ocrx_word' id='word_1_143' title='bbox 181 1730 291 1793; x_wconf 83' lang='lat' dir='ltr'>Galbae</span> <span class='ocrx_word' id='word_1_144' title='bbox 301 1730 456 1792; x_wconf 85' lang='lat' dir='ltr'>fluminum</span> <span class='ocrx_word' id='word_1_145' title='bbox 471 1727 659 1791; x_wconf 83' lang='lat' dir='ltr'>difficillimus</span> <span class='ocrx_word' id='word_1_146' title='bbox 669 1730 794 1789; x_wconf 73' lang='lat' dir='ltr'>trumba</span> <span class='ocrx_word' id='word_1_147' title='bbox 804 1736 858 1790; x_wconf 90' lang='lat' dir='ltr'>est.</span> <span class='ocrx_word' id='word_1_148' title='bbox 882 1746 1024 1790; x_wconf 90' lang='lat' dir='ltr'>namcum</span> <span class='ocrx_word' id='word_1_149' title='bbox 1036 1736 1099 1803; x_wconf 80' lang='lat' dir='ltr'>aqud</span> 
     </span>
    </p>

    <p class='ocr_par' dir='ltr' id='par_1_9' title="bbox 141 1803 1099 2142">
     <span class='ocr_line' id='line_1_19' title="bbox 141 1803 1098 1891; baseline -0.002 -18"><span class='ocrx_word' id='word_1_150' title='bbox 141 1819 169 1873; x_wconf 90' lang='lat' dir='ltr'>tl</span> <span class='ocrx_word' id='word_1_151' title='bbox 182 1814 241 1873; x_wconf 83' lang='lat' dir='ltr'>rim</span> <span class='ocrx_word' id='word_1_152' title='bbox 254 1812 341 1873; x_wconf 83' lang='lat' dir='ltr'>vehat</span> <span class='ocrx_word' id='word_1_153' title='bbox 354 1814 513 1890; x_wconf 85' lang='lat' dir='ltr'>ingentem,</span> <span class='ocrx_word' id='word_1_154' title='bbox 529 1829 589 1872; x_wconf 93' lang='lat' dir='ltr'>non</span> <span class='ocrx_word' id='word_1_155' title='bbox 605 1818 704 1873; x_wconf 90' lang='lat' dir='ltr'>tamen</span> <span class='ocrx_word' id='word_1_156' title='bbox 717 1813 834 1873; x_wconf 87' lang='lat' dir='ltr'>narium</span> <span class='ocrx_word' id='word_1_157' title='bbox 850 1815 966 1891; x_wconf 90' lang='lat' dir='ltr'>patiens</span> <span class='ocrx_word' id='word_1_158' title='bbox 985 1818 1037 1881; x_wconf 87' lang='lat' dir='ltr'>est,</span> <span class='ocrx_word' id='word_1_159' title='bbox 1056 1803 1098 1885; x_wconf 71' lang='lat' dir='ltr'>quii</span> 
     </span>
     <span class='ocr_line' id='line_1_20' title="bbox 181 1886 1099 1976; baseline -0.003 -21"><span class='ocrx_word' id='word_1_160' title='bbox 181 1895 269 1955; x_wconf 87' lang='lat' dir='ltr'>nullis</span> <span class='ocrx_word' id='word_1_161' title='bbox 283 1897 430 1955; x_wconf 88' lang='lat' dir='ltr'>coercitus</span> <span class='ocrx_word' id='word_1_162' title='bbox 449 1896 535 1975; x_wconf 89' lang='lat' dir='ltr'>ripis,</span> <span class='ocrx_word' id='word_1_163' title='bbox 557 1894 691 1973; x_wconf 90' lang='lat' dir='ltr'>pluribus</span> <span class='ocrx_word' id='word_1_164' title='bbox 711 1894 798 1957; x_wconf 90' lang='lat' dir='ltr'>simul</span> <span class='ocrx_word' id='word_1_165' title='bbox 818 1913 918 1976; x_wconf 86' lang='lat' dir='ltr'>neque</span> <span class='ocrx_word' id='word_1_166' title='bbox 939 1895 1027 1958; x_wconf 87' lang='lat' dir='ltr'>isdem</span> <span class='ocrx_word' id='word_1_167' title='bbox 1039 1886 1099 1952; x_wconf 77' lang='lat' dir='ltr'>alteia</span> 
     </span>
     <span class='ocr_line' id='line_1_21' title="bbox 179 1971 1098 2058; baseline -0.005 -20"><span class='ocrx_word' id='word_1_168' title='bbox 179 1978 282 2049; x_wconf 87' lang='lat' dir='ltr'>linens,</span> <span class='ocrx_word' id='word_1_169' title='bbox 297 1995 371 2039; x_wconf 86' lang='lat' dir='ltr'>nora</span> <span class='ocrx_word' id='word_1_170' title='bbox 384 1996 502 2057; x_wconf 89' lang='lat' dir='ltr'>semper</span> <span class='ocrx_word' id='word_1_171' title='bbox 513 1978 585 2038; x_wconf 87' lang='lat' dir='ltr'>vada</span> <span class='ocrx_word' id='word_1_172' title='bbox 591 1995 740 2058; x_wconf 85' lang='lat' dir='ltr'>novosque</span> <span class='ocrx_word' id='word_1_173' title='bbox 746 1980 879 2058; x_wconf 89' lang='lat' dir='ltr'>gurgites</span> <span class='ocrx_word' id='word_1_174' title='bbox 891 2015 931 2028; x_wconf 88' lang='lat'><em>-</em></span> <span class='ocrx_word' id='word_1_175' title='bbox 943 1987 973 2041; x_wconf 90' lang='lat' dir='ltr'>et</span> <span class='ocrx_word' id='word_1_176' title='bbox 982 1978 1016 2039; x_wconf 96' lang='lat' dir='ltr'>ob</span> <span class='ocrx_word' id='word_1_177' title='bbox 1027 1971 1098 2036; x_wconf 83' lang='lat' dir='ltr'>eaden</span> 
     </span>
     <span class='ocr_line' id='line_1_22' title="bbox 179 2049 1099 2142; baseline -0.014 -19"><span class='ocrx_word' id='word_1_178' title='bbox 179 2061 271 2142; x_wconf 92' lang='lat' dir='ltr'>pediti</span> <span class='ocrx_word' id='word_1_179' title='bbox 284 2079 402 2141; x_wconf 87' lang='lat' dir='ltr'>quoque</span> <span class='ocrx_word' id='word_1_180' title='bbox 414 2062 526 2122; x_wconf 89' lang='lat' dir='ltr'>incerta</span> <span class='ocrx_word' id='word_1_181' title='bbox 540 2067 585 2122; x_wconf 90' lang='lat' dir='ltr'>est</span> <span class='ocrx_word' id='word_1_182' title='bbox 593 2063 640 2122; x_wconf 81' lang='lat' dir='ltr'>aia</span> <span class='ocrx_word' id='word_1_183' title='bbox 650 2097 701 2132; x_wconf 90' lang='lat'>-,</span> <span class='ocrx_word' id='word_1_184' title='bbox 717 2062 754 2122; x_wconf 94' lang='lat' dir='ltr'>ad</span> <span class='ocrx_word' id='word_1_185' title='bbox 768 2063 826 2123; x_wconf 88' lang='lat' dir='ltr'>boc</span> <span class='ocrx_word' id='word_1_186' title='bbox 841 2081 912 2125; x_wconf 83' lang='lat' dir='ltr'>saxa</span> <span class='ocrx_word' id='word_1_187' title='bbox 930 2063 1050 2142; x_wconf 79' lang='lat' dir='ltr'>glareosa</span> <span class='ocrx_word' id='word_1_188' title='bbox 1060 2049 1099 2115; x_wconf 85' lang='lat' dir='ltr'>rol·</span> 
     </span>
    </p>

    <p class='ocr_par' dir='ltr' id='par_1_10' title="bbox 137 2143 1099 2394">
     <span class='ocr_line' id='line_1_23' title="bbox 137 2143 1099 2226; baseline -0.004 -19"><span class='ocrx_word' id='word_1_189' title='bbox 137 2152 171 2207; x_wconf 80' lang='lat'>12</span> <span class='ocrx_word' id='word_1_190' title='bbox 181 2164 267 2217; x_wconf 84' lang='lat' dir='ltr'>vens,</span> <span class='ocrx_word' id='word_1_191' title='bbox 282 2144 355 2206; x_wconf 87' lang='lat' dir='ltr'>11in</span> <span class='ocrx_word' id='word_1_192' title='bbox 369 2143 471 2207; x_wconf 87' lang='lat' dir='ltr'>stabile</span> <span class='ocrx_word' id='word_1_193' title='bbox 486 2162 543 2207; x_wconf 89' lang='lat' dir='ltr'>nec</span> <span class='ocrx_word' id='word_1_194' title='bbox 564 2151 659 2206; x_wconf 90' lang='lat' dir='ltr'>tutum</span> <span class='ocrx_word' id='word_1_195' title='bbox 678 2145 857 2224; x_wconf 80' lang='lat' dir='ltr'>ingredienti</span> <span class='ocrx_word' id='word_1_196' title='bbox 869 2146 1003 2226; x_wconf 69' lang='lat' dir='ltr'>praeben</span> <span class='ocrx_word' id='word_1_197' title='bbox 1024 2145 1099 2203; x_wconf 74' lang='lat' dir='ltr'>aliid</span> 
     </span>
     <span class='ocr_line' id='line_1_24' title="bbox 179 2215 1099 2308; baseline -0.005 -16"><span class='ocrx_word' id='word_1_198' title='bbox 179 2230 256 2292; x_wconf 90' lang='lat' dir='ltr'>iorte</span> <span class='ocrx_word' id='word_1_199' title='bbox 270 2228 415 2293; x_wconf 84' lang='lat' dir='ltr'>imbribus</span> <span class='ocrx_word' id='word_1_200' title='bbox 432 2234 534 2290; x_wconf 91' lang='lat' dir='ltr'>auctus</span> <span class='ocrx_word' id='word_1_201' title='bbox 554 2229 704 2308; x_wconf 87' lang='lat' dir='ltr'>ingentem</span> <span class='ocrx_word' id='word_1_202' title='bbox 726 2229 1008 2308; x_wconf 85' lang='lat' dir='ltr'>transgredientibus</span> <span class='ocrx_word' id='word_1_203' title='bbox 1023 2215 1099 2287; x_wconf 71' lang='lat' dir='ltr'>amul</span> 
     </span>
     <span class='ocr_line' id='line_1_25' title="bbox 180 2312 1099 2394; baseline -0.005 -19"><span class='ocrx_word' id='word_1_204' title='bbox 180 2322 242 2375; x_wconf 91' lang='lat' dir='ltr'>tum</span> <span class='ocrx_word' id='word_1_205' title='bbox 262 2315 347 2384; x_wconf 89' lang='lat' dir='ltr'>lecit,</span> <span class='ocrx_word' id='word_1_206' title='bbox 367 2331 435 2374; x_wconf 92' lang='lat' dir='ltr'>cum</span> <span class='ocrx_word' id='word_1_207' title='bbox 449 2330 539 2392; x_wconf 89' lang='lat' dir='ltr'>super</span> <span class='ocrx_word' id='word_1_208' title='bbox 560 2319 659 2374; x_wconf 90' lang='lat' dir='ltr'>cetera</span> <span class='ocrx_word' id='word_1_209' title='bbox 678 2312 874 2393; x_wconf 87' lang='lat' dir='ltr'>trepidatione</span> <span class='ocrx_word' id='word_1_210' title='bbox 895 2316 954 2394; x_wconf 91' lang='lat' dir='ltr'>ipsi</span> <span class='ocrx_word' id='word_1_211' title='bbox 974 2330 1022 2376; x_wconf 85' lang='lat' dir='ltr'>sua</span> <span class='ocrx_word' id='word_1_212' title='bbox 1040 2314 1099 2383; x_wconf 73' lang='lat' dir='ltr'>sitit</span> 
     </span>
    </p>

    <p class='ocr_par' dir='ltr' id='par_1_11' title="bbox 119 2395 708 2470">
     <span class='ocr_line' id='line_1_26' title="bbox 119 2395 708 2470; baseline 0 -12"><span class='ocrx_word' id='word_1_213' title='bbox 119 2466 122 2470; x_wconf 41' lang='lat'>.</span> <span class='ocrx_word' id='word_1_214' title='bbox 179 2398 300 2458; x_wconf 89' lang='lat' dir='ltr'>incertis</span> <span class='ocrx_word' id='word_1_215' title='bbox 315 2396 493 2457; x_wconf 87' lang='lat' dir='ltr'>clamoribus</span> <span class='ocrx_word' id='word_1_216' title='bbox 507 2395 708 2458; x_wconf 86' lang='lat' dir='ltr'>turbarentur.</span> 
     </span>
    </p>

    <p class='ocr_par' dir='ltr' id='par_1_12' title="bbox 152 2479 1099 2718">
     <span class='ocr_line' id='line_1_27' title="bbox 152 2479 1099 2563; baseline -0.002 -22"><span class='ocrx_word' id='word_1_217' title='bbox 152 2489 166 2541; x_wconf 88' lang='lat'>1</span> <span class='ocrx_word' id='word_1_218' title='bbox 238 2480 354 2542; x_wconf 83' lang='lat' dir='ltr'>XXXII.</span> <span class='ocrx_word' id='word_1_219' title='bbox 390 2481 423 2542; x_wconf 90' lang='lat' dir='ltr'>P.</span> <span class='ocrx_word' id='word_1_220' title='bbox 441 2479 594 2542; x_wconf 82' lang='lat' dir='ltr'>Cornelius</span> <span class='ocrx_word' id='word_1_221' title='bbox 618 2479 721 2542; x_wconf 88' lang='lat' dir='ltr'>consul</span> <span class='ocrx_word' id='word_1_222' title='bbox 740 2480 837 2543; x_wconf 77' lang='lat' dir='ltr'>biduo</span> <span class='ocrx_word' id='word_1_223' title='bbox 858 2483 923 2544; x_wconf 87' lang='lat' dir='ltr'>iere</span> <span class='ocrx_word' id='word_1_224' title='bbox 943 2487 1018 2563; x_wconf 87' lang='lat' dir='ltr'>post,</span> <span class='ocrx_word' id='word_1_225' title='bbox 1039 2483 1099 2553; x_wconf 71' lang='lat' dir='ltr'>quim</span> 
     </span>
     <span class='ocr_line' id='line_1_28' title="bbox 179 2546 1098 2645; baseline 0 -19"><span class='ocrx_word' id='word_1_226' title='bbox 179 2564 325 2628; x_wconf 86' lang='lat' dir='ltr'>Hannibal</span> <span class='ocrx_word' id='word_1_227' title='bbox 352 2582 370 2627; x_wconf 91' lang='lat' dir='ltr'>a</span> <span class='ocrx_word' id='word_1_228' title='bbox 397 2567 462 2644; x_wconf 91' lang='lat' dir='ltr'>ripa</span> <span class='ocrx_word' id='word_1_229' title='bbox 486 2563 623 2625; x_wconf 88' lang='lat' dir='ltr'>Rhodani</span> <span class='ocrx_word' id='word_1_230' title='bbox 652 2566 756 2637; x_wconf 85' lang='lat' dir='ltr'>movit,</span> <span class='ocrx_word' id='word_1_231' title='bbox 783 2564 928 2645; x_wconf 86' lang='lat' dir='ltr'>quadrato</span> <span class='ocrx_word' id='word_1_232' title='bbox 958 2562 1059 2643; x_wconf 68' lang='lat' dir='ltr'>agmine</span> <span class='ocrx_word' id='word_1_233' title='bbox 1075 2546 1098 2611; x_wconf 77' lang='lat' dir='ltr'>ll</span> 
     </span>
     <span class='ocr_line' id='line_1_29' title="bbox 180 2646 1098 2718; baseline -0.01 -7"><span class='ocrx_word' id='word_1_234' title='bbox 180 2657 275 2711; x_wconf 88' lang='lat' dir='ltr'>castra</span> <span class='ocrx_word' id='word_1_235' title='bbox 289 2649 418 2711; x_wconf 89' lang='lat' dir='ltr'>bostium</span> <span class='ocrx_word' id='word_1_236' title='bbox 428 2655 563 2718; x_wconf 81' lang='lat' dir='ltr'>venerat,</span> <span class='ocrx_word' id='word_1_237' title='bbox 579 2646 690 2711; x_wconf 89' lang='lat' dir='ltr'>nullam</span> <span class='ocrx_word' id='word_1_238' title='bbox 701 2648 860 2710; x_wconf 87' lang='lat' dir='ltr'>dimicandi</span> <span class='ocrx_word' id='word_1_239' title='bbox 870 2667 984 2711; x_wconf 91' lang='lat' dir='ltr'>moram</span> <span class='ocrx_word' id='word_1_240' title='bbox 995 2647 1098 2706; x_wconf 75' lang='lat' dir='ltr'>lacurn</span> 
     </span>
    </p>

    <p class='ocr_par' dir='ltr' id='par_1_13' title="bbox 150 2731 1098 2979">
     <span class='ocr_line' id='line_1_30' title="bbox 150 2731 1097 2817; baseline 0.001 -26"><span class='ocrx_word' id='word_1_241' title='bbox 150 2738 310 2793; x_wconf 79' lang='lat' dir='ltr'>acetcrum</span> <span class='ocrx_word' id='word_1_242' title='bbox 326 2731 377 2793; x_wconf 91' lang='lat' dir='ltr'>ubi</span> <span class='ocrx_word' id='word_1_243' title='bbox 392 2732 509 2794; x_wconf 87' lang='lat' dir='ltr'>deserta</span> <span class='ocrx_word' id='word_1_244' title='bbox 523 2734 705 2794; x_wconf 90' lang='lat' dir='ltr'>munimenta</span> <span class='ocrx_word' id='word_1_245' title='bbox 719 2751 775 2794; x_wconf 88' lang='lat' dir='ltr'>nec</span> <span class='ocrx_word' id='word_1_246' title='bbox 794 2732 880 2795; x_wconf 88' lang='lat' dir='ltr'>iacile</span> <span class='ocrx_word' id='word_1_247' title='bbox 893 2752 926 2794; x_wconf 88' lang='lat' dir='ltr'>sc</span> <span class='ocrx_word' id='word_1_248' title='bbox 941 2737 1043 2794; x_wconf 83' lang='lat' dir='ltr'>tantum</span> <span class='ocrx_word' id='word_1_249' title='bbox 1052 2734 1097 2817; x_wconf 60' lang='lat' dir='ltr'>ist</span> 
     </span>
     <span class='ocr_line' id='line_1_31' title="bbox 180 2810 1098 2895; baseline -0.002 -20"><span class='ocrx_word' id='word_1_250' title='bbox 180 2832 297 2895; x_wconf 87' lang='lat' dir='ltr'>gresaos</span> <span class='ocrx_word' id='word_1_251' title='bbox 308 2816 516 2877; x_wconf 86' lang='lat' dir='ltr'>adsecuturum</span> <span class='ocrx_word' id='word_1_252' title='bbox 527 2815 617 2885; x_wconf 86' lang='lat' dir='ltr'>videt,</span> <span class='ocrx_word' id='word_1_253' title='bbox 633 2817 669 2877; x_wconf 90' lang='lat' dir='ltr'>ad</span> <span class='ocrx_word' id='word_1_254' title='bbox 684 2834 811 2878; x_wconf 82' lang='lat' dir='ltr'>mareas</span> <span class='ocrx_word' id='word_1_255' title='bbox 826 2836 916 2878; x_wconf 86' lang='lat' dir='ltr'>nares</span> <span class='ocrx_word' id='word_1_256' title='bbox 927 2816 1023 2883; x_wconf 88' lang='lat' dir='ltr'>rediit,</span> <span class='ocrx_word' id='word_1_257' title='bbox 1038 2810 1098 2868; x_wconf 81' lang='lat' dir='ltr'>toan</span> 
     </span>
     <span class='ocr_line' id='line_1_32' title="bbox 180 2895 1097 2979; baseline -0.002 -20"><span class='ocrx_word' id='word_1_258' title='bbox 180 2895 352 2978; x_wconf 82' lang='lat' dir='ltr'>faciliusque</span> <span class='ocrx_word' id='word_1_259' title='bbox 370 2900 412 2963; x_wconf 92' lang='lat' dir='ltr'>ita</span> <span class='ocrx_word' id='word_1_260' title='bbox 426 2897 617 2960; x_wconf 87' lang='lat' dir='ltr'>descendenti</span> <span class='ocrx_word' id='word_1_261' title='bbox 632 2899 669 2960; x_wconf 89' lang='lat' dir='ltr'>ab</span> <span class='ocrx_word' id='word_1_262' title='bbox 683 2900 804 2979; x_wconf 77' lang='lat' dir='ltr'>Alpibus</span> <span class='ocrx_word' id='word_1_263' title='bbox 818 2899 976 2963; x_wconf 90' lang='lat' dir='ltr'>Hannibali</span> <span class='ocrx_word' id='word_1_264' title='bbox 996 2898 1097 2957; x_wconf 71' lang='lat' dir='ltr'>metrii·</span> 
     </span>
    </p>

    <p class='ocr_par' dir='ltr' id='par_1_14' title="bbox 151 2970 1097 3231">
     <span class='ocr_line' id='line_1_33' title="bbox 151 2970 1096 3063; baseline 0.001 -19"><span class='ocrx_word' id='word_1_265' title='bbox 151 2989 238 3044; x_wconf 77' lang='lat' dir='ltr'>trus.</span> <span class='ocrx_word' id='word_1_266' title='bbox 284 2999 322 3042; x_wconf 90' lang='lat' dir='ltr'>ne</span> <span class='ocrx_word' id='word_1_267' title='bbox 346 2988 445 3042; x_wconf 73' lang='lat' dir='ltr'>minen</span> <span class='ocrx_word' id='word_1_268' title='bbox 474 2981 553 3043; x_wconf 91' lang='lat' dir='ltr'>nuda</span> <span class='ocrx_word' id='word_1_269' title='bbox 582 2983 696 3045; x_wconf 82' lang='lat' dir='ltr'>auxiliis</span> <span class='ocrx_word' id='word_1_270' title='bbox 721 2986 861 3047; x_wconf 84' lang='lat' dir='ltr'>Romanis</span> <span class='ocrx_word' id='word_1_271' title='bbox 885 2982 1020 3063; x_wconf 79' lang='lat' dir='ltr'>Hispana</span> <span class='ocrx_word' id='word_1_272' title='bbox 1040 2970 1096 3035; x_wconf 56' lang='grc' dir='ltr'>Μ’</span> 
     </span>
     <span class='ocr_line' id='line_1_34' title="bbox 179 3058 1097 3148; baseline -0.001 -19"><span class='ocrx_word' id='word_1_273' title='bbox 179 3083 267 3147; x_wconf 91' lang='lat' dir='ltr'>quam</span> <span class='ocrx_word' id='word_1_274' title='bbox 294 3066 474 3146; x_wconf 81' lang='lat' dir='ltr'>provinciam</span> <span class='ocrx_word' id='word_1_275' title='bbox 499 3068 619 3129; x_wconf 88' lang='lat' dir='ltr'>sortitus</span> <span class='ocrx_word' id='word_1_276' title='bbox 639 3076 716 3138; x_wconf 88' lang='lat' dir='ltr'>erat,</span> <span class='ocrx_word' id='word_1_277' title='bbox 744 3058 805 3131; x_wconf 62' lang='lat' dir='ltr'>Gn.</span> <span class='ocrx_word' id='word_1_278' title='bbox 820 3069 987 3148; x_wconf 89' lang='lat' dir='ltr'>Scipionem</span> <span class='ocrx_word' id='word_1_279' title='bbox 1009 3062 1097 3146; x_wconf 67' lang='lat' dir='ltr'>balred</span> 
     </span>
     <span class='ocr_line' id='line_1_35' title="bbox 180 3136 1091 3231; baseline -0.002 -21"><span class='ocrx_word' id='word_1_280' title='bbox 180 3168 246 3211; x_wconf 86' lang='lat' dir='ltr'>oum</span> <span class='ocrx_word' id='word_1_281' title='bbox 261 3152 387 3212; x_wconf 82' lang='lat' dir='ltr'>maxima</span> <span class='ocrx_word' id='word_1_282' title='bbox 402 3159 487 3231; x_wconf 91' lang='lat' dir='ltr'>parte</span> <span class='ocrx_word' id='word_1_283' title='bbox 501 3152 652 3230; x_wconf 87' lang='lat' dir='ltr'>copiarum</span> <span class='ocrx_word' id='word_1_284' title='bbox 667 3151 806 3215; x_wconf 86' lang='lat' dir='ltr'>adversus</span> <span class='ocrx_word' id='word_1_285' title='bbox 819 3148 1026 3214; x_wconf 86' lang='lat' dir='ltr'>Hasdrubalem</span> <span class='ocrx_word' id='word_1_286' title='bbox 1037 3136 1091 3202; x_wconf 59' lang='lat' dir='ltr'>mill</span> 
     </span>
    </p>

    <p class='ocr_par' dir='ltr' id='par_1_15' title="bbox 150 3226 1097 3299">
     <span class='ocr_line' id='line_1_36' title="bbox 150 3226 1097 3299; baseline 0.006 -7"><span class='ocrx_word' id='word_1_287' title='bbox 150 3240 240 3294; x_wconf 77' lang='lat' dir='ltr'>tnon</span> <span class='ocrx_word' id='word_1_288' title='bbox 249 3233 287 3295; x_wconf 93' lang='lat' dir='ltr'>ad</span> <span class='ocrx_word' id='word_1_289' title='bbox 297 3235 422 3296; x_wconf 84' lang='lat' dir='ltr'>tuendos</span> <span class='ocrx_word' id='word_1_290' title='bbox 434 3235 636 3297; x_wconf 91' lang='lat' dir='ltr'>tantummodo</span> <span class='ocrx_word' id='word_1_291' title='bbox 647 3241 760 3299; x_wconf 82' lang='lat' dir='ltr'>veteres</span> <span class='ocrx_word' id='word_1_292' title='bbox 771 3238 867 3299; x_wconf 92' lang='lat' dir='ltr'>socios</span> <span class='ocrx_word' id='word_1_293' title='bbox 877 3226 1097 3298; x_wconf 73' lang='lat' dir='ltr'>concitandatil</span> 
     </span>
    </p>

    <p class='ocr_par' dir='ltr' id='par_1_16' title="bbox 79 3303 1095 3407">
     <span class='ocr_line' id='line_1_37' title="bbox 79 3303 1095 3407; baseline 0.009 -36"><span class='ocrx_word' id='word_1_294' title='bbox 79 3335 83 3359; x_wconf 84' lang='lat'><em>=</em></span> <span class='ocrx_word' id='word_1_295' title='bbox 180 3332 284 3386; x_wconf 83' lang='lat' dir='ltr'>novos,</span> <span class='ocrx_word' id='word_1_296' title='bbox 305 3317 357 3380; x_wconf 90' lang='lat' dir='ltr'>sed</span> <span class='ocrx_word' id='word_1_297' title='bbox 382 3320 469 3380; x_wconf 89' lang='lat' dir='ltr'>etiam</span> <span class='ocrx_word' id='word_1_298' title='bbox 496 3316 533 3379; x_wconf 92' lang='lat' dir='ltr'>ad</span> <span class='ocrx_word' id='word_1_299' title='bbox 558 3317 729 3399; x_wconf 89' lang='lat' dir='ltr'>pellendum</span> <span class='ocrx_word' id='word_1_300' title='bbox 749 3322 887 3400; x_wconf 88' lang='lat' dir='ltr'>Hispania</span> <span class='ocrx_word' id='word_1_301' title='bbox 911 3303 1095 3407; x_wconf 62' lang='lat' dir='ltr'>Haedr1¹l3¹¹em</span> 
     </span>
    </p>

    <p class='ocr_par' dir='ltr' id='par_1_17' title="bbox 150 3395 1135 3557">
     <span class='ocr_line' id='line_1_38' title="bbox 150 3395 1135 3491; baseline 0.003 -38"><span class='ocrx_word' id='word_1_302' title='bbox 150 3398 241 3474; x_wconf 83' lang='lat' dir='ltr'>aipse</span> <span class='ocrx_word' id='word_1_303' title='bbox 261 3416 328 3458; x_wconf 87' lang='lat' dir='ltr'>oum</span> <span class='ocrx_word' id='word_1_304' title='bbox 355 3400 514 3462; x_wconf 87' lang='lat' dir='ltr'>admodum</span> <span class='ocrx_word' id='word_1_305' title='bbox 537 3403 650 3481; x_wconf 84' lang='lat' dir='ltr'>exiguis</span> <span class='ocrx_word' id='word_1_306' title='bbox 670 3404 762 3482; x_wconf 88' lang='lat' dir='ltr'>copiis</span> <span class='ocrx_word' id='word_1_307' title='bbox 786 3404 918 3466; x_wconf 87' lang='lat' dir='ltr'>Genuam</span> <span class='ocrx_word' id='word_1_308' title='bbox 949 3398 1046 3478; x_wconf 80' lang='lat' dir='ltr'>repetii</span> <span class='ocrx_word' id='word_1_309' title='bbox 1066 3395 1092 3443; x_wconf 70' lang='lat' dir='ltr'>ll</span> <span class='ocrx_word' id='word_1_310' title='bbox 1134 3456 1135 3491; x_wconf 25' lang='grc'>1</span> 
     </span>
     <span class='ocr_line' id='line_1_39' title="bbox 180 3478 1135 3557; baseline 0.01 -21"><span class='ocrx_word' id='word_1_311' title='bbox 180 3479 230 3557; x_wconf 89' lang='lat' dir='ltr'>qui</span> <span class='ocrx_word' id='word_1_312' title='bbox 245 3478 323 3541; x_wconf 90' lang='lat' dir='ltr'>circa</span> <span class='ocrx_word' id='word_1_313' title='bbox 337 3482 449 3545; x_wconf 88' lang='lat' dir='ltr'>Padum</span> <span class='ocrx_word' id='word_1_314' title='bbox 465 3492 529 3546; x_wconf 88' lang='lat' dir='ltr'>erat</span> <span class='ocrx_word' id='word_1_315' title='bbox 543 3488 700 3556; x_wconf 84' lang='lat' dir='ltr'>exercitus,</span> <span class='ocrx_word' id='word_1_316' title='bbox 718 3486 831 3549; x_wconf 86' lang='lat' dir='ltr'>Italiam</span> <span class='ocrx_word' id='word_1_317' title='bbox 845 3487 1021 3548; x_wconf 82' lang='lat' dir='ltr'>defensurus.</span> <span class='ocrx_word' id='word_1_318' title='bbox 1134 3498 1135 3533; x_wconf 75' lang='lat'>1</span> 
     </span>
    </p>
   </div>
   <div class='ocr_carea' id='block_1_3' title="bbox 1023 3578 1135 3871">
    <p class='ocr_par' dir='ltr' id='par_1_18' title="bbox 1014 3562 1135 3871">
     <span class='ocr_line' id='line_1_40' title="bbox 1023 3578 1135 3871; baseline -0.017 -0.149"><span class='ocrx_word' id='word_1_319' title='bbox 1023 3578 1135 3871; x_wconf 74' lang='lat' dir='ltr'>i</span> 
     </span>
    </p>
   </div>
   <div class='ocr_carea' id='block_1_4' title="bbox 0 0 1150 3920">
    <p class='ocr_par' dir='ltr' id='par_1_19' title="bbox 0 0 1150 3920">
     <span class='ocr_line' id='line_1_41' title="bbox 0 0 1150 3920; baseline 0 0"><span class='ocrx_word' id='word_1_320' title='bbox 0 0 1150 3920; x_wconf 95' lang='lat' dir='ltr'> </span> 
     </span>
    </p>
   </div>
  </div>
 </body>
</html>
