2396 3920
256 279 348 322 nanus
361 279 430 322 vur.
446 279 513 323 eur.
530 265 574 321 33.
586 266 631 320 34.
649 258 692 340 [a.
708 260 743 322 G.
758 259 822 343 325]
992 264 1033 328 85

96 431 203 504 potestas
219 429 349 489 omnium
369 444 470 490 rerum
491 434 583 497 esset,
604 444 642 486 ue
655 427 730 487 iram
756 427 875 506 quidem
893 444 1033 507 umquam

96 512 249 573 atrociorem
261 510 350 573 iuism
360 514 391 573 ln
404 528 463 581 eos,
477 512 528 591 qui
539 511 706 573 temeritate
718 516 805 589 atquc
816 512 932 575 inscitia
946 529 1031 574 exer·
1086 582 1090 591 ἱ

94 594 152 655 citus
160 595 337 665 amisissent,
353 613 443 676 mum
454 602 486 655 ut
499 596 626 674 pecunie
638 611 690 655 eos
702 592 856 656 multaret:
872 595 968 675 capite
979 614 1031 657 uu·

92 678 211 755 muitum
227 678 266 740 ub
286 696 352 741 rem
366 677 445 741 bello
468 677 545 740 male
565 684 678 757 gestam
698 677 735 738 de
750 678 931 757 imperatore
952 677 1033 741 nullo
1087 712 1091 735 J

91 758 188 823 adeam
199 761 277 825 diem
290 780 364 826 esse.
394 779 474 825 nunc
488 761 612 824 ducibus
627 761 730 842 populi
744 761 888 832 Romani,
902 779 979 843 quae
995 780 1032 825 ue
1042 770 1076 822 18
1084 754 1092 821 Γ,

90 844 159 906 rcus
169 845 287 926 quidem
300 845 381 908 bello
394 845 439 907 ies
454 845 558 917 luerit,
572 848 670 924 virgas
687 855 717 907 ct
737 863 858 908 secures
871 844 1032 907 victoribus
1087 838 1091 847 ’

89 929 288 993 etiustissimcs
303 932 417 993 meritis
433 931 598 1010 triumphos
612 932 761 992 intentari.
790 930 862 1009 quid
877 930 957 991 enim
967 936 1032 990 tcu-
1042 936 1095 1011 19,

90 1011 143 1073 iem
156 1032 309 1093 passurum
323 1014 414 1077 luisse
428 1014 519 1076 tilium
534 1032 635 1084 suum,
657 1016 684 1076 si
699 1015 861 1077 exercitum
877 1013 1032 1084 omnine,
1088 1026 1090 1033 ’

89 1096 195 1158 situsus
208 1098 329 1178 fugatus
343 1100 448 1161 cestria
462 1106 566 1161 exutus
583 1097 701 1161 iuisseti
715 1118 773 1179 qrao
788 1097 865 1160 ultra
880 1100 956 1161 iram
969 1099 1032 1160 ric·
1076 1158 1079 1163 .

89 1176 247 1263 leniumque
262 1185 327 1246 eius
339 1199 526 1247 excessuum
537 1184 635 1255 tuisse,
649 1201 736 1264 quam
747 1190 780 1246 ut
793 1182 967 1245 verberaret
978 1199 1031 1245 ue·

89 1267 229 1346 caretque?
243 1285 333 1348 quam
349 1269 618 1337 conveniensem,
634 1275 758 1347 propter
773 1267 808 1339 0.
823 1267 947 1331 Fabium
962 1266 1079 1351 cisitu

89 1353 162 1411 utem
172 1351 202 1412 iu
218 1349 333 1413 laetitia
346 1352 483 1429 victoria,
501 1350 764 1430 supplicationibus
778 1368 813 1413 ac
830 1349 1032 1429 gratulationi·
1074 1354 1083 1387 ⁵

33 1438 34 1517 j
88 1427 132 1493 bus
144 1452 218 1505 esse,
235 1450 316 1506 eum,
331 1442 455 1514 prepter
466 1453 555 1514 quem
568 1434 657 1495 deum
672 1432 796 1496 delubra
807 1443 942 1513 pateant,
962 1449 1031 1494 arae
1041 1438 1090 1519 ²¹2

88 1517 222 1582 ucriiciis
232 1519 368 1589 tument,
383 1520 498 1580 honore
510 1518 596 1579 lonis
608 1516 806 1587 cumulentur,
820 1517 963 1579 nudatum
974 1517 1033 1579 rir-
1084 1548 1092 1565 a

87 1599 251 1676 gisiacerari
264 1605 300 1664 in
314 1609 475 1682 conspeetu
489 1601 593 1682 populi
604 1600 746 1672 Romani,
767 1601 932 1662 intuentem
947 1599 1033 1677 Capi·
1087 1636 1091 1645 «

87 1681 174 1747 tolium
187 1694 275 1769 atque
296 1703 396 1748 arcem
421 1687 552 1768 deosque
573 1686 611 1748 ab
626 1703 657 1746 sc
675 1683 790 1747 duobus
813 1682 933 1766 proeliis
953 1681 1033 1746 beucl

87 1764 179 1829 iurstra
194 1771 369 1833 advocatos!
384 1789 442 1851 quc
456 1771 487 1832 id
498 1771 598 1833 animo
609 1770 787 1841 exercitum,
803 1771 854 1849 qui
866 1769 930 1831 elus
943 1767 1032 1833 ductu
1043 1774 1084 1839 22

88 1854 265 1934 auspiciisque
292 1855 422 1925 vicisset,
445 1853 591 1916 laturum?
627 1871 716 1933 quem
738 1851 852 1915 luctum
875 1854 907 1914 in
930 1852 1034 1914 castris
1078 1866 1087 1943 g

88 1929 223 2010 Romanis,
247 1955 340 2020 quam
363 1938 504 2000 laetitiam
522 1940 602 2000 iuter
623 1938 724 1999 hostes
748 1935 831 2000 torci
854 1936 929 1999 haec
942 1932 1033 1997 simul
1042 1939 1087 1999 23t⁴

87 2015 205 2096 lugens,
230 2039 377 2104 querens,
409 2022 496 2084 deum
518 2022 730 2102 bominumque
759 2021 848 2085 tidem
880 2018 1035 2083 obtestans
1078 2004 1085 2077 l

32 2116 34 2123 '
89 2106 113 2160 tt
140 2105 300 2186 conplexus
337 2104 430 2168 tilium
465 2104 602 2185 plurimis
633 2123 701 2167 cum
741 2104 881 2167 lacrumis
919 2102 1033 2182 egebat
1077 2110 1081 2119 ’

87 2179 195 2251 XXXIV.
224 2188 331 2253 Stabat
355 2206 423 2255 cum
441 2207 479 2252 en
502 2195 621 2251 senatus
642 2189 793 2259 maiestas,
822 2182 1087 2264 larcrpcpuli1<

87 2266 261 2336 triburicium
291 2271 445 2343 auxilium,
478 2274 623 2337 memoria
647 2271 778 2334 absentis
804 2271 966 2338 exercitusz
997 2274 1090 2331 e12-

88 2359 159 2424 paru
168 2354 258 2419 ultera
270 2356 429 2435 imperium
439 2357 582 2423 inuictum
591 2355 692 2435 pupuli
703 2356 829 2418 Romani
840 2361 871 2415 et
881 2351 1035 2432 disciplina

88 2434 125 2493 rei
137 2438 267 2503 niliacis
281 2447 312 2501 et
325 2439 478 2503 dictatoris
489 2441 618 2503 edictum
633 2457 689 2518 pro
707 2442 828 2503 numine
843 2454 963 2518 semper
981 2434 1033 2499 eb·
1097 2506 1100 2513 p

90 2530 221 2586 tertuum
248 2530 281 2586 et
300 2522 448 2587 Manliana
470 2525 596 2601 iauperia
618 2530 648 2583 et
666 2522 835 2599 posthabita
856 2520 909 2583 tilii
929 2522 1035 2581 caritas
1100 2588 1104 2595 ⁴

89 2600 208 2676 pubium
226 2606 346 2672 utilitati
364 2606 559 2670 iaciebantur.
588 2605 647 2667 hoe
659 2604 785 2665 etiamL
807 2605 948 2673 Brutum,
964 2607 1063 2663 con-tt

90 2680 357 2754 litoremitomauac
368 2689 522 2760 libertatis,
534 2694 621 2751 autea
631 2689 664 2748 iu
672 2686 788 2749 duobus
799 2686 901 2749 liberis
912 2685 1019 2748 iecisse
1048 2732 1051 2736 ι

91 2770 776 2852 uuucpatrescomcsetseuesincilesdealieno
785 2772 1034 2852 impericsprctc,

92 2854 225 2934 umquem
240 2861 285 2921 rei
296 2876 419 2940 parvae,
433 2857 604 2938 discipliuae
614 2855 749 2921 militaris
762 2873 881 2921 eversae
891 2855 1035 2917 iuventuti

90 2938 200 3007 ullam
213 2943 322 3005 lacere.
349 2961 382 3005 se
399 2950 500 3020 temen
514 2948 715 3022 perstaturum
726 2941 758 3003 in
774 2942 910 3020 incepto,
925 2957 982 3001 nec
998 2938 1034 3006 ei,
1046 2941 1064 2995 4

92 3019 134 3093 qui
150 3023 283 3089 adversus
298 3027 408 3091 dictum
423 3045 510 3089 suum
529 3026 657 3089 turbatis
676 3023 870 3103 religionibus
891 3040 925 3083 ac
939 3021 1035 3083 cubus

92 3105 214 3253 ccccc
225 3107 1064 3274 rcasttucrceucracttctu

92 3270 169 3332 uate:
190 3274 222 3336 L.
241 3277 393 3358 Papirium
414 3277 488 3341 nihil
509 3279 572 3341 eius
597 3276 834 3340 deminuturum
858 3279 975 3350 optare,
997 3274 1065 3337 neti

92 3356 207 3422 potestus
221 3361 392 3431 tribunicia,
409 3359 545 3425 luumlata
558 3362 636 3439 ipss,
652 3356 741 3431 uiolet
756 3355 969 3419 intercessione
984 3372 1037 3415 sua

93 3425 243 3507 Romanum
253 3447 421 3527 imperium.
434 3462 493 3509 ueu
504 3441 631 3524 populus
642 3442 712 3503 inse
723 3441 908 3520 potissimum
913 3439 1036 3501 dietate·

94 3526 182 3583 remeo
193 3525 239 3587 ius
249 3528 411 3593 dictaturae
422 3530 584 3608 extinguat.
605 3525 716 3607 quodsi
729 3524 856 3598 iecisset,
868 3541 929 3587 uon
941 3523 974 3585 L.
981 3521 1065 3583 Par-‘1
