2396 3920
337 249 430 290 umen
444 249 498 291 vu.
518 248 586 292 oar.
602 236 643 291 36.
661 226 700 311 [a.
717 231 752 294 0.
773 231 834 312 343]
1033 234 1074 299 39

105 400 251 469 souitum;
266 415 328 478 quo
341 399 483 459 excitatus
495 396 563 476 vigil
573 415 643 465 ‚cum
657 399 825 478 proximum
837 398 975 459 motisset
990 414 1073 460 erec·
1187 426 1188 429 ¹

103 486 180 564 tique
202 482 283 544 alios
306 482 504 551 concitarent,
522 483 643 561 ignari,
671 483 750 543 cives
774 499 811 542 au
842 481 942 544 hostes
964 491 1071 553 esseut,

99 567 290 648 praesidium
307 573 493 645 erumperet,
515 583 552 627 an
568 565 671 628 consul
686 573 783 627 castra
798 566 937 644 cepisset,
956 567 1071 639 Decius,
1087 575 1103 627 3

98 653 249 730 quoniam
268 667 330 709 nou
351 648 501 720 fallerent,
525 648 685 712 clamorem
706 647 811 711 tollere
829 651 917 710 iussis
931 650 1072 713 militibus

97 735 243 816 torpidos
255 751 362 794 somno
378 734 501 814 iusuper
520 751 629 814 pavore
644 736 806 805 exanimat,
830 752 888 814 quo
908 735 1072 814 praepediti

97 837 154 880 nec
170 837 262 881 arma
282 818 400 896 inpigre
422 835 529 896 capere
551 835 607 879 uec
627 816 773 880 obsistere
788 835 844 879 uec
859 819 975 898 insequi
987 827 1071 899 pote·

97 911 176 965 raut.
212 904 296 962 inter
311 901 538 980 trepidationem
558 901 774 983 tumultumque
788 901 963 964 Samnitium
985 912 1102 982 prae-4

97 987 214 1049 sidium
224 986 393 1048 Romanum
406 985 499 1047 obviis
506 986 676 1048 custodibus
683 988 776 1049 caesis
789 985 825 1047 ad
839 991 935 1046 castra
942 984 1071 1047 consulis

120 1071 253 1133 ervadit

98 1090 118 1152 p
164 1155 361 1234 Aliquantum
376 1160 531 1232 supererat
544 1155 653 1226 unctis,
669 1155 786 1235 iamque
807 1156 838 1216 iu
851 1161 914 1216 tuto
931 1152 1102 1216 cneban-o
1187 1206 1188 1209 ,

101 1249 151 1300 tur
168 1235 269 1309 esse,
285 1255 352 1298 cum
375 1237 481 1299 Decius
500 1246 621 1309 „macte
648 1241 782 1300 virtute“
808 1241 918 1320 inquit,
937 1286 955 1311 ,‚
963 1238 1070 1303 milites

102 1323 248 1392 Romani,
268 1328 344 1382 este:
360 1328 490 1388 vestrum
506 1324 564 1384 iter
580 1340 614 1382 ac
623 1323 750 1385 reditum
765 1324 863 1385 omnia
878 1322 994 1385 saecula
1008 1322 1070 1384 lau·

105 1406 196 1468 dibus
211 1406 323 1476 iereut;
339 1405 393 1467 sed
407 1405 444 1466 ad
458 1402 697 1486 conspiciendam
716 1413 827 1469 tautam
844 1409 983 1469 virtutem
1000 1405 1066 1468 luce
1082 1413 1099 1463 t

110 1508 147 1550 ac
162 1488 212 1550 die
225 1508 295 1570 opus
310 1497 370 1561 est,
389 1507 445 1551 uec
460 1508 513 1552 vos
530 1490 612 1567 digni
627 1492 712 1558 estis,
738 1508 893 1569 quoscum
908 1497 989 1551 tanta
1007 1489 1069 1569 glo·

111 1575 158 1635 ria
172 1575 205 1633 iu
225 1580 316 1635 castra
337 1572 464 1637 reduces
486 1571 688 1635 silentiumne
710 1589 768 1633 uox
785 1579 874 1649 tegat.
905 1573 954 1632 bic
974 1572 1071 1633 lucem

107 1658 201 1739 quieti
217 1660 439 1738 opperiemur.“
465 1657 551 1719 dictis
566 1654 811 1736 obtemperatum.
840 1664 927 1737 atque
941 1654 994 1717 ubl
1008 1658 1069 1736 pri·
1085 1667 1100 1715 7

103 1761 188 1804 mum
204 1741 325 1812 inluxit,
341 1744 505 1822 praemisso
520 1742 624 1803 nuntio
636 1740 672 1802 ad
687 1739 839 1803 consulem
852 1742 883 1802 iu
896 1749 1007 1813 casira,
1023 1743 1070 1802 in·

103 1829 187 1906 genti
197 1827 305 1905 gaudio
316 1827 512 1894 concitantur,
531 1833 561 1888 ct
571 1832 683 1888 tessera
698 1824 763 1887 data
777 1824 939 1888 incolumes
950 1828 1068 1897 reverti,

102 1913 156 1991 qui
175 1929 230 1972 sua
255 1928 381 1991 corpora
395 1926 450 1990 pro
465 1908 559 1972 salute
574 1913 706 1971 omnium
727 1910 805 1972 haud
827 1910 916 1973 dubio
936 1909 1069 1991 periculo

102 1995 304 2064 obiecissent,
320 2012 375 2074 pro
390 2011 422 2055 se
438 1996 562 2075 quisque
582 1994 698 2056 obviam
717 1995 801 2055 eliusi
815 1994 950 2066 laudant,
969 2003 1076 2074 gratu-i

101 2078 221 2150 lentur,
237 2078 369 2157 singulos
380 2080 533 2140 universos
545 2086 709 2139 servatores
721 2097 790 2140 suos
802 2086 921 2149 vocant,
937 2079 992 2138 diis
1007 2078 1068 2139 lau·

99 2164 157 2226 des
171 2170 331 2243 gratesque
346 2168 451 2242 agunt,
467 2163 592 2234 Decium
602 2165 634 2223 iu
650 2162 761 2225 caelum
785 2163 894 2224 ierunt.
923 2162 972 2222 bic
987 2161 1100 2222 Deciis

99 2247 266 2310 castrensis
276 2247 443 2327 triumphus
457 2247 526 2318 init,
543 2247 707 2309 incedentis
718 2265 773 2327 per
783 2246 879 2308 media
895 2251 990 2306 castra
1001 2262 1068 2307 cum

98 2339 220 2394 armato
235 2329 385 2411 praesidio
398 2333 540 2393 coniectis
551 2333 584 2392 in
596 2349 663 2392 eum
682 2332 812 2393 omnium
822 2329 931 2400 oculis,
947 2337 977 2391 et
987 2331 1069 2392 omni

98 2417 221 2478 honore
235 2412 387 2477 tribunum
403 2414 517 2479 consuli
535 2414 738 2496 aequantibus.
764 2415 817 2476 ubi
834 2415 869 2476 ad
886 2415 1096 2494 praetoriumtt
1187 2452 1188 2457 κ

97 2507 225 2562 rentum
242 2507 300 2569 est,
316 2497 419 2560 consul
435 2499 558 2560 classico
570 2500 607 2560 ad
619 2501 786 2559 continuem
799 2505 954 2569 convocat,
967 2515 1067 2560 orsus·

97 2602 163 2666 que
187 2585 310 2645 meritas
338 2583 421 2645 Decii
441 2582 544 2645 laudes
569 2582 730 2642 interfante
754 2583 819 2660 ipso
840 2581 929 2640 Decio
957 2579 1069 2641 distulit

100 2669 292 2736 contionem3
323 2668 376 2745 qui
389 2676 493 2729 auctor
508 2666 606 2728 omnia
623 2661 834 2745 posthabendi,
858 2663 928 2724 dum
949 2665 1064 2725 occasio
1078 2672 1111 2723 10

99 2754 136 2814 in
156 2751 296 2814 manibus
315 2759 408 2822 esset,
434 2749 566 2832 perpulit
587 2747 756 2819 consulem,
778 2756 811 2810 ut
825 2748 925 2810 hostes
947 2756 977 2811 et
996 2767 1067 2810 noc·

101 2845 196 2917 turno
210 2854 321 2916 pauore
336 2838 475 2913 attonitos
491 2843 521 2897 et
535 2836 614 2896 eirca
636 2833 742 2896 collem
758 2831 930 2897 castellatim
945 2834 1068 2914 dissipa·

102 2929 151 2981 tos
161 2919 391 3000 adgrederetur:
407 2919 530 2981 credere
542 2922 646 2990 etiam,
663 2919 776 2999 aliquos
791 2919 827 2980 ad
842 2934 874 2979 se
885 2918 1068 3000 sequendum

104 3005 231 3067 emissos
244 3021 300 3085 per
314 3003 421 3065 saltum
442 3006 549 3082 vagari.
592 3005 688 3066 iussae
702 3003 833 3086 legiones
842 3016 930 3064 ‘arma
948 3020 1065 3082 capere,
1079 3010 1105 3061 lt

104 3104 303 3168 egressaeque
318 3089 436 3158 castris,
452 3106 520 3149 eum
536 3106 592 3168 per
607 3088 809 3168 exploratores
824 3088 922 3148 notior
936 3087 995 3145 iam
1011 3084 1068 3145 sal·

103 3180 152 3234 tus
168 3179 262 3243 esset,
284 3173 329 3232 tia
346 3174 511 3253 patentiore
533 3172 570 3233 ad
592 3171 708 3234 bostem
733 3172 896 3238 ducuntur3
918 3169 1110 3248 quentin-12

103 3263 225 3318 cautum
246 3257 397 3336 inproviso
421 3255 541 3319 adortae
567 3274 633 3317 eum
657 3254 747 3336 palati
761 3256 869 3335 passim
892 3252 1068 3315 Samnitium

103 3339 215 3402 milites
229 3338 365 3421 plerique
380 3342 511 3401 inermes
525 3359 581 3402 nec
595 3342 675 3400 coire
692 3341 723 3399 in
738 3356 830 3399 uuum
847 3356 902 3400 nec
918 3357 999 3400 arma
1019 3356 1067 3399 ca·

102 3442 176 3506 pere
192 3442 251 3485 nec
264 3425 400 3504 recipere
417 3426 494 3485 iutra
510 3423 617 3485 vallum
634 3441 666 3482 se
680 3429 815 3501 possent,
832 3428 986 3502 paventem
1005 3421 1066 3501 pri·

102 3526 186 3570 mum
201 3510 234 3569 iu
247 3515 343 3569 castra
355 3507 541 3588 conpellunt,
559 3506 665 3568 deinde
681 3513 776 3568 castra
794 3507 858 3588 ipse
871 3504 995 3569 turbatis
1010 3510 1068 3569 sta·

1101 3782 1188 3890 A
