2290 3920
150 162 212 224 208
460 173 553 215 umen
568 174 631 219 m.
649 173 716 217 otr.
731 163 758 214 4.
774 161 800 213 o.
876 122 880 129 ⁶

105 328 112 359 '¹
150 325 289 404 princeps
306 324 338 385 in
351 320 497 402 proelium
511 320 585 391 ibat,
602 320 722 385 ultimus
735 328 871 385 conserto
889 319 995 401 proelio
1011 337 1084 381 exce·

121 406 248 469 ualebat.
279 405 333 469 bas
342 412 438 467 tantas
449 406 504 466 riri
516 405 637 469 virtutes
649 405 780 482 ingentia
791 407 858 466 vitia
869 402 1085 485 aequabantu-

152 500 281 553 numaua
299 488 471 560 crudelitas,
486 487 609 568 pertidia
623 486 689 569 plus
704 506 791 568 quam
806 488 930 559 Punica,
946 486 1014 551 nihil
1026 489 1083 556 reri¹

91 600 93 605 .
151 573 225 635 nibil
251 574 359 644 sancti,
382 570 480 637 nullus
501 572 588 635 deum
609 579 719 642 metius,
739 571 852 639 nullum
871 574 916 637 ius
936 570 1083 636 iurandum

107 656 233 718 utnulla
254 655 309 719 reli
331 658 368 719 ὀ.
413 675 479 723 cum
502 656 558 717 bac
582 655 680 717 indole
699 656 840 719 virtutum
860 663 946 743 atque
966 657 1085 725 uitiorum

150 741 304 805 triennios
356 736 538 805 Hasdrubale
552 741 732 819 imperatore
745 741 855 802 meruit
870 736 948 802 nulla
961 757 1006 810 re,
1025 754 1085 818 qnae

86 816 128 878 le
151 823 264 903 agenda
276 822 458 909 videndaque
473 841 580 902 magno
594 824 692 887 tuturo
705 822 773 888 duci
784 832 875 897 esset,
890 823 1084 904 praetermissa.

123 914 138 965 1
213 910 245 969 t.
278 907 415 975 Ceterum
430 925 464 972 ex
481 925 538 986 quo
554 906 671 973 diedux
688 915 733 969 est
744 907 923 980 declaratus,
937 905 1012 968 velut
1020 903 1085 967 ltalia

150 992 178 1051 ei
189 992 339 1073 provincia
351 991 469 1055 decreta
482 989 649 1071 bellumque
660 990 825 1054 Romanum
840 991 1006 1057 mandatum
1017 998 1084 1059 esset

122 1074 222 1137 anihil
236 1070 442 1159 prolatandum
456 1082 552 1147 ratus,
568 1093 606 1136 ne
621 1093 652 1135 se
669 1093 803 1156 quoque,
819 1084 855 1141 ut
866 1084 980 1156 patrem
995 1070 1085 1139 uanu-

151 1176 268 1228 carem,
283 1157 390 1223 deiude
401 1156 628 1230 Hasdrubalem,
642 1165 829 1221 cunctantem
841 1177 927 1222 casus
941 1159 1036 1242 aliquis
1046 1176 1085 1239 op·

122 1246 138 1298 3
149 1243 306 1322 primeret,
330 1241 499 1323 Saguntinis
521 1242 634 1305 inferre
653 1241 763 1307 bellum
784 1245 895 1309 statuit.
951 1243 1029 1304 uibus
1046 1260 1085 1321 op·

149 1324 315 1404 pugnandis
324 1326 397 1409 quia
412 1325 490 1387 baud
505 1325 593 1391 dubie
606 1326 739 1390 Romana
753 1345 834 1389 arma
848 1264 1046 1396 movebantur,
1062 1324 1085 1384 lc

151 1408 291 1475 Olcadum
310 1411 394 1493 prius
413 1410 487 1473 fines
503 1444 539 1456 -
555 1410 632 1472 cdtra
652 1406 794 1476 Hiberum
815 1429 848 1473 ea
873 1430 946 1497 gens
967 1414 998 1473 in
1020 1416 1085 1490 parte

150 1493 243 1572 magis
265 1512 352 1575 quam
372 1495 403 1557 iu
425 1494 540 1557 dicione
556 1495 840 1577 Carthaginiensium
862 1504 926 1560 arat
939 1529 980 1547 --
992 1491 1085 1556 inunt

150 1579 325 1647 exercitum,
351 1582 464 1638 utnon
485 1580 594 1657 petisse
609 1578 801 1657 Saguntinos,
824 1580 878 1645 sed
899 1597 997 1643 rerum
1017 1578 1083 1642 serie,

12 1740 14 1743 Ι
150 1660 281 1722 finitimis
296 1661 414 1723 domitis
428 1661 578 1739 gentibus,
599 1662 806 1743 iungendoque
819 1670 934 1731 tractus
948 1663 984 1725 ad
998 1661 1027 1724 ld
1037 1654 1083 1721 bel·

121 1741 211 1803 tium
222 1742 315 1802 videri
325 1751 434 1822 posset.
463 1742 609 1811 Cartalam
621 1744 725 1811 urbem
737 1745 1020 1828 cpulentam,caput
1030 1760 1082 1823 geu·

148 1828 186 1887 tis
201 1827 277 1896 eius,
294 1836 442 1905 expugnat
456 1828 628 1910 diripitque;
647 1836 796 1909 quo'metu
811 1832 969 1910 perculsae
979 1832 1083 1893 minores

149 1909 279 1971 civitates
287 1910 432 1990 stipendio
440 1914 567 1993 inposito
578 1914 736 1993 imperium
743 1932 898 1995 accepere„
920 1918 1083 1978 victorexer·

149 1993 224 2062 citus
238 1992 453 2094 opulentusque
467 1995 577 2076 pracda
593 1997 799 2079 Carthaginem
818 2016 927 2065 novam
941 2001 971 2061 in
983 1997 1081 2061 hiberna

120 2082 193 2138 test
209 2075 360 2140 deductus,
401 2076 441 2141 rbi
462 2079 551 2158 large,
584 2078 719 2143 artiendc
739 2082 881 2161 praedam
903 2081 1080 2164 stipendioque

147 2164 308 2238 praeterito
324 2180 391 2227 cum
412 2162 473 2245 lide¹
490 2100 665 2243 exaudiendo
687 2168 799 2229 cunctis
820 2167 929 2230 civium
948 2167 1081 2230 sociorum·

148 2263 204 2323 que
221 2247 326 2308 animis
340 2248 420 2314 inse
436 2247 558 2311 firmatis
573 2266 642 2311 rere
664 2251 762 2331 prime
777 2252 812 2317 in,
822 2249 969 2317 Vaccaeos
986 2262 1080 2332 promo·

120 2334 210 2391 tium
235 2329 354 2392 bellum.
400 2331 597 2397 Hermandica
625 2340 655 2395 et
674 2332 818 2396 Arbocala
838 2352 945 2397 eorum
966 2333 1044 2397 urbes
1061 2325 1081 2385 li

147 2420 259 2490 captae.
292 2413 435 2493 Arbocala
458 2423 487 2476 et
506 2416 613 2480 virtute
633 2425 663 2478 et
683 2415 1079 2500 mulutudtne'oppidamnn

119 2493 199 2555 tdin
220 2496 349 2559 defensa.
389 2497 426 2560 ab
444 2498 639 2562 Hermandica
658 2500 777 2585 profugi
798 2501 934 2565 exsilibus
955 2496 1077 2564 oleatum

146 2580 246 2657 priore
258 2589 367 2643 aestate
379 2582 505 2647 domitae
520 2586 631 2662 gentis,
643 2603 710 2647 cum
723 2604 755 2647 se
765 2586 945 2658 innuissent,
958 2581 1078 2647 concitatt

120 2663 342 2744 8Carpetanos,
361 2666 721 2748 adortiqneHannibalem
737 2687 906 2748 regressum
922 2689 956 2733 en
969 2661 1077 2730 vaccaeis

146 2745 225 2806 baud
249 2749 354 2829 procul
375 2750 455 2829 'lage
483 2751 603 2813 flumine
623 2770 729 2831 agmen
757 2754 845 2831 gnare
872 2754 980 2837 praeda
1000 2745 1075 2813 turbt·

89 2863 99 2913 Ξ,
118 2834 224 2889 tuere.
258 2830 406 2895 Hannibal
422 2832 536 2913 proelio
552 2834 705 2906 abstinuit,
724 2838 884 2917 castrisque
901 2855 990 2919 super
1004 2834 1076 2911 ripam

90 2928 93 2936 ’
145 2913 258 2993 positis,
275 2931 342 2975 cum
353 2918 448 2994 prima
460 2919 543 2996 quies
555 2917 955 2999 silentiumqueabhostibus
966 2920 1023 2988 luit,
1032 2928 1074 2973 2111·

146 3012 214 3057 nem
235 2995 309 3057 vado
329 3001 459 3072 traiecit,
487 2999 620 3082 valloque
646 3005 687 3066 ita
706 3004 865 3083 producto,
893 3013 926 3067 ut
945 3005 1032 3071 locum
1049 2989 1074 3057 td

144 3081 422 3160 transgrediendum
440 3085 539 3146 hostes
552 3086 714 3158 haberent,
728 3089 873 3150 inuadere
882 3107 932 3151 eos
947 3094 1073 3151 transmu·

102 3167 135 3218 10
147 3170 191 3222 tes
212 3167 321 3229 statuit.
350 3169 495 3248 equitibus
508 3172 673 3251 praecepit,
689 3180 736 3241 ut,
753 3190 820 3233 oum
835 3174 980 3252 ingressos
993 3175 1073 3247 aqutffl

144 3246 285 3321 viderent,
299 3249 486 3315 adorirentur
497 3253 669 3333 impeditum
681 3273 795 3333 agmen,
812 3257 840 3317 in
853 3259 917 3336 ripa
929 3252 1073 3334 elephantos

103 3330 132 3380 11
149 3358 183 3368 —
203 3333 394 3412 quadraginta
415 3345 512 3399 autem
533 3347 617 3400 crant
637 3372 680 3384 -
693 3338 830 3418 disponit.
869 3341 1072 3425 Carpetanorutss

145 3423 212 3468 cum
232 3413 442 3491 adpendicibus
457 3418 598 3483 Olcadum
614 3422 870 3504 Vaccaeorumque
887 3429 999 3484 centum
1011 3408 1072 3476 ulid
