2280 3926
266 242 358 284 nmen
374 243 416 283 rx.
433 241 502 285 car.
517 231 543 281 t.
560 229 585 280 5.
602 219 641 301 [a.
657 223 692 282 0.
710 220 771 302 321]
959 226 999 288 97

6 404 7 409 ’
67 395 103 447 tor
117 386 243 450 omnibus
263 407 297 451 eo
316 387 382 451 loco
398 396 523 451 mortem
546 387 741 468 oppetendam
763 406 837 450 esse.
867 406 934 450 cum
949 387 1025 449 diut
1134 386 1135 389 ’

70 468 191 533 silentium
204 471 320 543 fuisset,
346 491 403 534 nec
418 470 553 534 consules
575 479 626 533 aut
639 489 694 549 pro
705 471 825 533 loedere
843 480 902 534 tam
918 474 998 551 turpi

68 560 208 617 utcontra
226 557 329 619 loedus
348 564 408 618 tam
423 556 623 618 necessarium
643 554 758 616 hiscere
777 563 914 635 possent,
936 566 999 618 tum

5 660 7 671 ¹
66 637 92 698 b.
105 637 254 711 Lentulus,
269 642 319 721 qui
336 639 429 722 [tum]
446 642 586 720 princeps
605 638 767 718 legatorum
786 642 890 701 virtute
906 648 999 720 atque

64 719 203 784 bonoribus
214 734 290 786 erat:
314 731 453 804 „patrem
463 732 589 784 meum“
599 725 709 803 inquit,
721 770 739 794 „
749 722 897 794 consules,
910 731 1026 803 saepes

5 880 7 887 .
63 804 140 867 auditi
150 815 361 869 memorantem
380 826 411 867 se
433 810 464 868 in
473 805 614 886 Capitolio
625 826 717 869 unum
728 826 788 867 non
798 807 888 868 luisse
899 815 999 868 aucto·

62 904 112 949 rem
122 892 229 952 senatui
242 891 433 952 redimendae
445 909 517 951 auro
529 910 545 951 a
557 891 647 952 Gallis
660 892 797 962 civitatis,
816 889 932 971 quando
944 908 999 950 nec

5 1022 7 1045 2
61 971 122 1032 lossa
142 973 273 1055 valloque
297 974 333 1036 ab
353 967 548 1052 'ignavissimo
569 975 606 1036 ad
631 975 721 1054 opera
747 994 781 1036 ac
807 973 999 1036 muniendum

5 1098 7 1131 ÷
60 1055 129 1116 hoste
142 1056 231 1119 clausi
248 1066 347 1121 essent
363 1066 392 1119 et
409 1076 579 1137 erumpere,
602 1062 627 1120 si
643 1077 703 1121 non
717 1060 782 1120 sine
797 1076 845 1120 ma
868 1077 908 1119 no
942 1059 999 1118 eri·

60 1135 704 1289 Qppfflrpss-epl.
735 1130 813 1224 quod
832 1162 874 1213 si,
894 1077 1028 1203 illl'suro
1045 1088 1099 1174 Ἀ

5 1258 7 1295 ,
75 1241 197 1286 ecurrere
212 1245 248 1287 ex
288 1224 406 1304 epitolio
419 1244 500 1286 arma
524 1246 538 1286 s
553 1244 585 1285 ru
610 1247 653 1289 ros
668 1246 715 1288 em
730 1226 825 1298 licuit,
842 1245 900 1307 quo
911 1244 1000 1305 saepe

5 1306 7 1387 ᾗ
59 1307 129 1367 nodo
143 1309 253 1370 obsessi
269 1311 301 1370 in
316 1308 484 1370 obsidentes
500 1319 676 1388 eruperunt,
692 1312 732 1370 ita
747 1309 833 1371 nobis
844 1328 937 1389 aequo
951 1315 1000 1370 aed

5 1420 7 1471 q
57 1388 140 1471 iniquo
153 1391 217 1454 loco
233 1392 396 1454 dimicandi
412 1392 614 1454 tantummodo
631 1411 697 1453 cum
711 1392 795 1453 boste
810 1395 894 1472 copia
912 1400 997 1461 esset,

5 1488 7 1535 ὲ
57 1489 104 1533 non
115 1477 187 1537 mibi.
195 1478 316 1558 paterni
332 1478 424 1537 animi
439 1474 556 1535 indoles
574 1478 606 1535 in
622 1474 744 1534 consilio
761 1475 857 1536 dando
874 1476 998 1534 deesset.
1027 1546 1032 1554 ¹

56 1559 171 1636 equidem
184 1579 247 1623 mor
254 1568 314 1621 tem
329 1579 384 1640 pro
398 1561 494 1639 patria
507 1557 690 1638 praeclaram
704 1575 768 1618 esse
781 1557 890 1626 fateor,
908 1566 938 1616 et
950 1575 1000 1617 me
1010 1563 1042 1614 10

56 1641 91 1701 rel
104 1643 241 1706 domuere
259 1663 315 1724 pro
327 1643 437 1723 populo
450 1643 582 1703 Romano
597 1639 821 1720 legionibusque
832 1638 877 1701 rel
892 1641 923 1700 in
938 1658 1000 1701 me·

5 1774 7 1785 .
55 1722 106 1787 dios
117 1745 162 1788 me
175 1730 330 1790 inmittere
344 1724 443 1788 hostes
457 1736 576 1807 paratus
588 1744 669 1787 sum:
685 1724 737 1785 sed
753 1726 802 1786 bic
816 1725 941 1805 patriam
957 1725 998 1785 ri·
1010 1729 1041 1782 11

54 1806 110 1879 deo,
130 1812 176 1872 bie
197 1810 344 1891 quidquid
370 1810 569 1872 Romanarum
593 1808 743 1888 legionum
764 1815 817 1882 est.
851 1825 926 1889 quae
945 1810 1001 1869 nisi

53 1908 97 1968 pro
112 1913 140 1955 se
159 1897 230 1975 ipsis
249 1895 287 1955 ad
307 1901 434 1955 mortem
448 1910 537 1955 ruere
552 1891 670 1964 volunt,
689 1891 758 1971 quid
773 1891 898 1965 babent,
922 1892 1000 1972 quod

53 1985 132 2039 morte
146 1998 198 2042 sua
211 1979 351 2041 servent?
377 1985 454 2040 tecta
475 1976 572 2049 urbis,
595 1977 673 2038 dieat
692 1976 811 2056 aliquis,
833 1983 863 2038 et
882 1977 999 2038 moenia
1010 1981 1043 2031 12

54 2064 77 2116 et
90 2079 148 2122 earn
162 2064 301 2134 turbam,
319 2081 335 2122 a
351 2080 408 2141 qua
421 2060 494 2123 urbs
508 2059 656 2144 incolitur.
687 2061 778 2120 immo
795 2058 917 2121 hercule
930 2077 1000 2141 pro-

5 2146 7 2195 ἶ
52 2140 147 2207 duntur
161 2166 195 2208 ea
209 2146 313 2208 omnia
328 2144 424 2206 deleto
439 2146 495 2205 hoe
511 2147 656 2213 exercitu,
672 2161 733 2206 non
745 2152 908 2204 servantur.
935 2144 1001 2221 quis

52 2227 118 2290 cuim
133 2249 165 2291 ea
179 2229 333 2293 tuebitur?
363 2227 481 2289 inbellis
500 2227 636 2288 videlieet
657 2236 743 2307 atque
764 2228 887 2287 inermis
902 2224 999 2285 multi·

52 2309 119 2372 tudo.
144 2322 204 2378 tarn
219 2311 485 2391 hercule,quama
498 2311 648 2374 Gallorum
664 2313 776 2388 impetu
789 2304 929 2370 defendit.
961 2326 998 2370 an
1009 2314 1042 2366 13
1134 2316 1135 2321 ’

53 2393 144 2459 aVeiis
164 2399 330 2460 exercitum
350 2395 562 2475 Camillumque
586 2395 689 2456 ducem
710 2391 917 2473 implorabuntl
951 2392 1000 2452 hie
1011 2399 1043 2461 14

54 2492 142 2542 onnes
156 2500 226 2562 spes
249 2474 379 2561 opesque
396 2487 479 2549 sunt,
500 2496 572 2558 quas
590 2477 734 2538 servando
756 2477 881 2555 patriam
902 2493 1000 2537 serva·

52 2576 119 2634 mus,
136 2565 275 2628 dedendo
291 2565 327 2627 ad
343 2581 447 2625 necem
469 2563 595 2640 patriam
611 2559 774 2619 deserimus
790 2576 823 2617 ac
837 2557 998 2635 prodimus.

51 2649 77 2702 n
87 2645 168 2710 loeda
182 2657 273 2729 atque
289 2647 484 2727 ignominiosa
500 2643 608 2703 dedltio
624 2649 677 2701 est.
706 2640 757 2701 sed
773 2657 806 2700 ea
821 2641 926 2700 caritas
945 2658 997 2718 pa·
1009 2645 1041 2697 le

51 2729 114 2791 triae
130 2741 188 2804 est,
209 2740 325 2794 uttam
346 2729 587 2809 ignominiosam
608 2743 695 2806 quam
721 2730 816 2784 morte
835 2730 952 2795 nostra,
975 2725 1001 2785 si

52 2827 115 2888 opus
128 2818 173 2888 sit,
190 2833 352 2877 servemus.
382 2811 522 2875 subeatur
534 2828 607 2888 ergo
618 2811 682 2880 ista,
695 2815 928 2889 quantacumque
944 2815 996 2878 est,
1010 2814 1042 2866 16

50 2891 212 2974 indignitas,
229 2906 260 2960 et
274 2905 412 2979 pareatur
423 2893 604 2965 necessitati,
621 2911 708 2973 quam
720 2902 757 2953 ne
769 2890 809 2951 dii
820 2892 938 2972 quidem
950 2910 999 2953 su·

51 2989 154 3052 perant.
179 2984 232 3053 ite,
248 2980 399 3051 consules,
414 2981 549 3041 redimite
560 2979 649 3039 armis
660 2978 814 3046 civitatem,
828 2995 915 3054 quam
928 2993 999 3036 auro

50 3063 167 3127 maiores
182 3067 274 3127 vestri
288 3064 510 3129 redernerunt.“
554 3109 557 3113 J
1033 3102 1036 3105 ι

124 3149 158 3210 V.
189 3148 333 3212 Consules
340 3147 467 3229 profecti
478 3146 514 3207 ad
524 3146 662 3206 Pontium
674 3146 706 3204 in
716 3141 919 3221 conloquium,
934 3146 1027 3200 euml
1067 3180 1068 3183 ,

50 3225 83 3287 de
96 3229 218 3294 loedere
231 3235 326 3293 vietor
341 3233 477 3310 agitaret,
495 3236 641 3306 negarunt
653 3227 766 3368 ipp'ussu
782 3222 883 3304 populi
898 3221 1001 3284 loedus

50 3308 108 3372 fieri
121 3333 211 3393 posse
228 3334 284 3379 nec
295 3317 359 3376 sine
375 3312 524 3375 fetialibus
539 3312 666 3370 caerimo
689 3325 775 3386 taque
785 3305 841 3367 alia
856 3305 999 3368 sollemni.

50 3390 141 3473 itaque
162 3416 237 3472 non,
258 3407 292 3461 ut
311 3397 398 3477 vulgo
413 3397 546 3466 credunt,
562 3392 756 3472 Claudiusque
780 3392 868 3453 etiam
888 3391 1028 3459 scribite
1134 3424 1135 3427 =

50 3472 167 3541 loedere
185 3500 242 3560 pax
257 3483 398 3553 Caudina,
414 3482 467 3544 sed
481 3496 537 3548 ner
551 3478 740 3547 sponsionem
755 3475 831 3539 lacta
848 3482 900 3537 est.
930 3473 1028 3554 quide

88 3592 114 3628 Τ.
130 3594 192 3632 ΗΠ
211 3598 278 3636 PARS
299 3600 333 3636 11.
523 3618 526 3623 >
818 3568 837 3627 ⁷
