2350 3922
266 235 359 275 creon
374 235 463 278 xxm.
480 234 548 277 cer.
565 221 608 274 26.
622 223 665 273 27.
685 211 724 294 [e.
740 216 774 277 O.
790 214 851 295 mo]
977 220 1039 282 345

83 384 178 460 magis
191 400 367 461 prosperum
387 382 536 442 Romanis.
575 381 610 441 P.
635 389 664 441 et
684 381 737 443 Cn.
760 381 945 460 Scipionibus
962 384 1068 444 intera
1170 380 1171 423 ἶ

82 486 116 526 se
129 467 245 546 partitis
262 468 374 544 copias,
397 473 430 526 ut
447 466 563 527 Gnaeus
579 472 674 535 terra,
696 463 817 526 Publius
836 466 957 527 navibus
975 484 1040 528 rem
1170 474 1171 485 ³

81 556 217 637 gereret,
229 548 398 623 *Hasdrubal
410 549 579 619 Recensum
593 550 770 630 imperator,
790 549 887 610 neutri
908 552 984 627 parti
997 552 1039 610 vi·

82 632 249 697 rium'satis
263 633 377 705 fidens,
389 632 494 712 procul
509 632 545 693 ab
554 633 646 693 bnste
657 630 810 693 intervallo
824 649 860 692 ac
871 631 1039 694 loeistutns

79 715 203 777 tenebat
216 734 262 786 se,
285 717 380 796 quoad
392 716 516 777 multum
528 735 562 777 ae
577 716 627 777 diu
637 715 795 776 obtestanti
812 723 949 793 quattuor
959 716 1040 777 milia

81 799 215 879 peditum
228 807 257 862 et
272 803 351 862 mille
364 803 476 878 equites
498 801 528 860 in
544 800 779 880 supplementum
795 800 876 859 missi
891 817 927 860 ex
942 799 1039 860 Africa

79 890 160 945 sunt.
193 890 257 944 tum
271 885 381 945 relecta
395 885 514 945 tandem
528 902 581 963 spe
597 891 690 944 castra
708 884 830 962 propius
845 881 960 944 hostem
976 890 1069 943 moe

81 970 138 1038 vit,
157 966 339 1047 classemque
354 969 460 1047 etipse
478 970 585 1029 instrui
603 967 761 1048 pararique
780 965 862 1027 iubet
879 966 916 1026 ad
930 967 1040 1028 insula's

78 1052 327 1131 maritumamque
350 1071 432 1112 oram
453 1053 613 1114 tutandam.
651 1053 765 1130 inipso
789 1052 901 1129 impetu
922 1059 1070 1111 meren-t

80 1136 190 1203 darum
205 1135 241 1195 de
257 1136 383 1214 integre.
393 1154 506 1199 rerum.
516 1135 642 1215 perculit
666 1152 733 1196 cum
752 1134 971 1214 praefectorum
988 1153 1039 1196 na·

79 1221 160 1297 vium
178 1220 327 1287 transitio,
344 1221 395 1298 qui
408 1226 475 1299 post
487 1219 609 1281 classem
625 1219 662 1281 ad
677 1218 818 1283 Hiberum
833 1236 888 1297 per
902 1236 1040 1299 pavorem
1105 1214 1125 1287 i

81 1303 231 1363 desertam
247 1305 374 1380 graviter
387 1303 525 1380 increpiti
540 1321 698 1381 numquam
714 1302 821 1363 deinde
842 1303 912 1364 satis
926 1303 976 1363 lidi
991 1310 1041 1363 aut

79 1387 151 1448 duci
185 1386 542 1463 aut'Carthaginiensium
567 1385 657 1446 rebus
683 1386 809 1446 luerant.
846 1385 979 1446 fecerant
1005 1386 1068 1446 bie
1170 1414 1171 1453 3

78 1469 252 1548 transfugae
274 1478 387 1531 motum
407 1472 443 1529 in
456 1470 657 1530 Tartesiorum
675 1475 778 1547 gente,
799 1466 1041 1547 desciverantque

77 1555 118 1615 iis
131 1553 300 1614 auctoribus
315 1553 405 1615 urbes
421 1553 546 1632 aliquot;
570 1571 629 1613 una
651 1554 738 1613 etiarn
760 1549 796 1610 ab
811 1551 882 1628 ipsis
903 1554 931 1611 vi
955 1560 1040 1630 capta
1170 1566 1171 1605 1

78 1639 187 1712 luerat.
220 1639 252 1696 in
274 1643 477 1715 eam-gentem
497 1654 614 1697 versum
634 1635 671 1696 ab
688 1634 829 1695 Romanis
849 1632 961 1696 bellum
986 1643 1040 1703 est,
1054 1638 1095 1692 6²
1169 1618 1171 1673 l

78 1722 248 1800 infestoque
270 1722 400 1796 exercitu
417 1719 588 1795 Hasdrubal,
604 1722 754 1798 ingressus
777 1736 881 1796 agrum
911 1720 1040 1782 bestium
1170 1724 1171 1727 ’

78 1823 137 1885 pro
154 1813 256 1883 captae
268 1811 336 1864 ante
353 1804 415 1865 dies
427 1822 536 1882 paucos
552 1803 633 1864 urbis
648 1800 801 1863 moenibus
817 1801 971 1872 Chalbum,
988 1821 1040 1862 nn-

79 1888 172 1950 bilem
189 1889 389 1948 Tartesiorum
406 1887 528 1957 ducem,
550 1905 616 1949 curn
631 1886 726 1946 rabdo
743 1888 875 1947 exercitu
892 1888 994 1948 castris
1009 1904 1041 1947 se

79 1978 249 2042 tenentem,
268 1970 390 2049 adgredi
403 1973 511 2033 statuit.
537 1973 696 2050 praemissa
707 1971 796 2048 igitur
810 1971 867 2031 levi
880 1979 1040 2040 armatura,
1052 1978 1070 2026 7
1170 1982 1171 2049 j

80 2073 158 2136 quae
173 2053 293 2117 eliceret
306 2055 399 2115 hostis
414 2055 450 2116 ad
465 2065 628 2124 certamen,
652 2056 782 2134 equitum
797 2063 912 2134 partem
933 2055 969 2115 ad
990 2054 1041 2113 de-

78 2137 283 2219 populandum
298 2157 352 2217 per
367 2156 453 2216 agros
469 2140 578 2217 passim
592 2140 702 2199 dimisit
722 2148 752 2198 et
764 2144 797 2198 ut
815 2137 942 2214 palantis
962 2138 1039 2196 exci-

79 2229 197 2302 perent.
233 2221 370 2282 simulet
396 2220 433 2280 ad
457 2228 551 2281 castra
570 2219 711 2282 tumultus
733 2225 797 2280 erat
817 2225 847 2279 et
873 2237 928 2297 per
954 2226 1073 2297 agros&
1170 2240 1171 2301 3

79 2306 210 2385 fugaque
226 2313 255 2365 et
271 2305 389 2372 ca'edes;
405 2304 511 2363 deinde
522 2303 651 2383 undique
668 2303 790 2362 diversis
804 2301 960 2363 itineribus
975 2320 1041 2362 cum

79 2392 113 2449 in
137 2396 233 2449 castra
255 2390 298 2448 se'
314 2388 512 2466 recepissent,
537 2387 610 2447 adeo
635 2393 759 2464 repente
782 2385 909 2446 decessit
937 2387 1041 2446 animis

81 2492 190 2552 pavor,
206 2479 313 2532 utnon
330 2470 366 2531 ad
381 2471 563 2531 munimenta
577 2468 665 2530 mode
684 2468 869 2529 defendenda
888 2471 959 2530 satis
980 2471 1041 2529 ani-

81 2574 200 2619 morum
215 2564 306 2625 esset,
329 2555 485 2617 sedetiam
507 2554 542 2616 ad
562 2552 765 2614 lacessendum
786 2553 901 2631 proello
915 2552 1039 2613 hostem.

83 2647 245 2718 erumpunt
262 2639 352 2717 igitur
371 2640 488 2716 agmine
504 2656 520 2697 e
538 2638 641 2698 castris
657 2635 854 2715 tripudiantes
875 2654 959 2697 more
979 2641 1072 2704 sune
1170 2646 1171 2711 j

84 2725 297 2802 repentinaque
319 2741 421 2783 eorum
445 2721 565 2782 audacia
590 2728 736 2780 terrorem
762 2719 840 2780 hosti
860 2719 947 2799 paulo
974 2726 1041 2779 ante

84 2806 163 2869 ultro
178 2804 333 2867 lacessenti
348 2805 478 2867 incussit.
508 2805 604 2883 itaque
619 2811 649 2864 et
666 2805 729 2883 ipse
749 2803 922 2864 Hasdrubal>
934 2805 964 2864 in
979 2801 1038 2863 col·
1053 2808 1087 2860 lo

83 2890 142 2950 lem
156 2891 226 2951 setis
242 2890 381 2960 arduum,
397 2889 519 2950 flumine
530 2890 616 2948 etiam
628 2886 743 2949 obiecto
754 2895 847 2949 tutum
859 2889 958 2967 copias
972 2886 1041 2947 sub·
1115 2954 1123 2981 ἱ
1170 2958 1171 2967 2

84 2974 166 3034 ducit
180 2981 210 3034 et
224 2973 414 3052 praemissam
428 2972 523 3032 levem
543 2979 722 3032 armaturam
738 2972 908 3051 equitesque
930 2970 1043 3049 palatos
1118 2986 1134 3055 q

84 3057 191 3117 eodem
211 3057 331 3136 recipit,
354 3073 411 3116 nee
425 3054 549 3115 auteolli
567 3062 616 3115 ant
629 3055 743 3114 flumini
754 3055 822 3115 satis
837 3056 931 3115 fidens
947 3060 1043 3113 castra
1170 3056 1171 3119 j

83 3139 161 3201 vallo
175 3142 334 3219 permunit.
365 3142 397 3200 in
411 3139 469 3199 hnc
484 3138 597 3198 alterno
621 3154 727 3218 pavore
749 3140 910 3198 certamina
931 3136 1042 3214 aliquot
1052 3143 1082 3194 11

84 3230 156 3284 sunt
170 3229 329 3290 contracta.
363 3240 419 3283 nec
433 3221 558 3282 Numida
573 3221 702 3300 Hispano
718 3238 808 3296 eques
830 3220 966 3299 perluit,
987 3237 1043 3280 nec

84 3306 230 3368 iaculator
246 3306 364 3367 Maurus
379 3312 525 3373 caetrate,
548 3303 701 3365 velocitate
724 3304 803 3382 pari,
824 3304 933 3365 robore
954 3304 1044 3363 animi

84 3391 253 3468 viriumque
269 3389 454 3468 aliquantum
463 3389 634 3467 praestanti.
677 3386 789 3449 XXVII.
818 3388 975 3467 Postquam
991 3393 1069 3445 nel
1170 3390 1171 3401 ¹

86 3491 146 3552 qne
159 3473 266 3533 obcere
272 3472 403 3533 Poenum
416 3471 453 3533 ad
465 3479 615 3533 certamen
626 3470 773 3532 obversati
784 3474 887 3535 castris
898 3476 1043 3552 poterant.

1097 686 1118 751 f
1170 678 1171 687 ,
