2280 3926
118 254 121 257 c
141 206 202 268 154
355 215 448 257 umus
462 216 492 258 x.
509 213 576 255 oon.
593 200 619 255 6.
634 201 660 250 7.
676 190 716 272 [a.
730 214 762 253 u.
778 212 803 254 c.
818 168 882 271 454]
958 250 961 258 ¹

100 368 208 436 rogari
228 364 371 425 viderent.
406 379 420 421 s
493 353 582 423 abant
650 358 721 419 deos
740 355 772 416 id
791 374 838 417 ma
860 357 885 415 's
924 372 990 416 uam
1006 352 1040 415 ad

136 450 303 594 Ψ
330 450 408 527 ipsos
427 448 555 516 visuros,
578 462 615 505 ne
636 459 720 506 sacra
744 458 796 501 sua
818 437 1000 518 polluantur;
1016 371 1083 534 Ege

142 521 1080 674 &mmmmmdsaainffltbbtffllwmo

101 624 131 677 ti
143 619 240 679 minus
255 623 353 678 autem
368 622 448 676 tcten
470 631 535 683 erc,
548 611 670 673 'a‘dsueti
689 611 747 670 iam
769 607 820 669 tali
840 623 950 685 genere
964 602 1082 666 certami-

141 719 213 763 num
233 702 325 770 rinci;
349 695 762 759 otendebant-adversarios
781 709 848 752 nou
859 690 916 761 id?
932 685 1093 770 quod'olin'

141 788 189 846 vix
203 785 399 864 speraverint,
415 780 609 850 adfectantes,
631 794 752 856 magnos
766 776 909 846 honores,
937 772 988 835 sed
1002 770 1080 832 omnia

141 872 215 939 iam,
242 870 274 928 in
300 884 426 947 quorum
450 881 533 943 spem
557 862 677 923 dubiam
700 868 764 922 erat
783 866 945 929 certatum,
970 856 1074 935 adeptos

142 949 319 1031 multiplices
331 947 498 1009 consulatus
513 963 710 1025 censurasque
726 952 755 1005 et
771 943 948 1022 triumphos.

113 1042 126 1093 t
203 1035 261 1095 Vll.
293 1034 443 1095 Certatum
463 1038 563 1091 tamen
586 1028 735 1091 suadenda
760 1025 1012 1104 dissuadendaque
1030 1019 1082 1097 lege

140 1120 219 1179 inter
239 1118 291 1196 Ap.
313 1110 467 1177 Claudium
492 1115 619 1175 maxime
646 1113 746 1173 lerunt
773 1120 801 1172 et
825 1112 905 1171 inter
924 1110 958 1171 P.
980 1105 1079 1168 Decium

114 1202 264 1262 aMurem.
297 1200 348 1277 qui
364 1216 432 1259 cum
447 1196 551 1259 eadem
573 1197 667 1257 ierme
678 1195 715 1257 de
732 1197 798 1256 iure
812 1202 932 1274 patrum
946 1209 980 1253 ac
995 1186 1081 1269 piebis,

140 1301 216 1364 quae
230 1301 285 1361 pro
301 1281 368 1360 lege
379 1282 491 1342 Licinia
503 1280 650 1361 quondam
660 1284 821 1359 contraque
832 1296 900 1339 eam
915 1277 989 1338 dicta
1005 1278 1079 1347 erant,

109 1375 208 1431 icum
228 1365 341 1447 plebeis
364 1364 533 1428 consulatus
559 1363 733 1443 rogabatur,
760 1362 981 1429 disseruissent,
1005 1361 1077 1416 rettu-

140 1450 210 1512 lisse
230 1450 338 1511 dicitur
359 1449 466 1512 Decius
490 1450 621 1529 parentis
645 1448 691 1507 sui
718 1447 865 1526 speciem,
893 1443 1007 1524 qualem
1028 1451 1078 1496 eum

140 1535 239 1606 multi,
258 1536 309 1615 qui
324 1535 356 1595 in
371 1534 508 1595 contione
524 1540 623 1602 erant,
638 1530 788 1601 viderant,
808 1531 972 1591 incinctum
985 1521 1077 1584 Gabino

141 1619 220 1680 cultu
242 1636 331 1698 super
352 1616 444 1679 telum
465 1613 605 1686 stantem,
629 1632 687 1695 quo
706 1631 738 1674 se
751 1613 855 1675 habitu
872 1631 929 1692 pro
944 1604 1043 1691 populo
1054 1616 1078 1660 tc

111 1701 306 1781 alegionibus
320 1701 460 1762 Romanis
481 1698 651 1759 devovisset.
685 1705 748 1759 tum
765 1697 798 1758 P.
814 1696 939 1758 Decium
951 1685 1077 1754 consulem

140 1802 249 1863 purum
265 1785 406 1863 piumque
427 1782 490 1845 deis
509 1780 716 1843 inmortalibus
735 1782 845 1850 visum,
869 1797 961 1860 aequo
977 1792 1008 1838 ac
1020 1766 1076 1831 sii.

110 1865 263 1930 altannus
289 1864 401 1943 collega
422 1866 485 1926 eius
510 1865 719 1927 devovereturz
763 1865 892 1926 eundem
912 1865 944 1924 P.
970 1856 1075 1921 Decium,

138 1951 191 2029 qui
210 1965 294 2008 sacra
316 1946 435 2025 publica
457 1947 558 2028 populi
579 1947 705 2009 Romani
727 1948 851 2020 iaceret,
883 1947 943 2026 legi
963 1944 1014 2004 rito
1031 1948 1075 1997 non

139 2030 288 2111 potuisse?
316 2029 346 2090 id
359 2048 422 2091 esse
436 2029 617 2111 periculum,
640 2049 678 2092 ne
696 2049 765 2093 suas
781 2050 888 2111 preces
901 2031 996 2093 minus
1012 2017 1073 2083 audi*

139 2123 208 2176 rent
229 2115 270 2175 dii
290 2132 377 2193 quam
397 2115 483 2194 Appii
503 2112 634 2179 claudit
668 2116 775 2176 castius
795 2134 864 2177 eum
885 2131 967 2178 sacra
985 2106 1071 2189 privati

110 2198 240 2260 discere
256 2205 285 2259 et
295 2197 461 2276 religiosius
474 2197 545 2259 deos
556 2197 654 2259 colere
667 2217 754 2277 quam
770 2201 819 2259 sei
843 2218 933 2279 quem
948 2191 1072 2277 paeniteit

139 2292 288 2354 votorum,
308 2299 384 2362 quae
400 2299 455 2362 pro
472 2280 636 2362 republica
654 2284 888 2362 nuncupaverint
908 2289 949 2344 tot
963 2267 1071 2338 consulti

139 2365 251 2445 plebei,
282 2373 324 2427 tot
343 2364 501 2426 dictatores
522 2372 572 2426 aut
591 2365 637 2425 ad
660 2368 806 2427 exercitus
827 2375 932 2428 euntes
952 2368 998 2426 aut
1013 2358 1071 2414 inter

113 2451 203 2529 lipsa
220 2447 315 2509 bellai
346 2454 575 2510 numerarentur
590 2448 680 2509 duces
696 2467 797 2511 corum
815 2467 972 2516 annorum,
989 2436 1070 2522 quibus

139 2532 323 2613 plebeiorum
339 2532 429 2593 ductu
447 2540 477 2594 et
497 2533 626 2612 auspicio
647 2550 696 2593 res
716 2536 780 2610 geri
805 2543 926 2614 coeptae
947 2531 1013 2594 sinti
1030 2533 1068 2579 Μ’

139 2623 326 2679 morarentur
341 2617 500 2696 triumphi:
516 2617 575 2677 iam
591 2634 629 2677 ne
643 2615 802 2678 nobilitatis
816 2619 933 2697 quidem
948 2627 1011 2675 suaa
1023 2600 1067 2683 plc-

110 2697 222 2760 flbeios
236 2701 397 2778 paenitere.
428 2718 484 2778 pro
500 2707 581 2760 certo
595 2698 720 2771 habere,
736 2702 851 2780 siquod
864 2717 969 2782 repens
982 2685 1066 2753 heluo

140 2783 267 2850 oriatur,
291 2799 351 2840 non
367 2781 433 2859 plus
444 2784 507 2860 spei
522 2783 586 2843 iore
600 2784 714 2844 senatui
731 2784 898 2865 populoque
912 2785 1031 2846 Romtss⁰
1045 2766 1067 2823 1¹¹

109 2863 269 2942 epatriciis
286 2881 373 2941 quam
395 2865 426 2923 in
440 2863 553 2943 plebeis
575 2866 708 2928 ducibus.
738 2848 1067 3013 „Quin-w·

138 2946 218 3017 beat,
245 2946 292 3005 cui
318 2946 440 3006 deorum
465 2947 654 3010 hominumve
678 2949 740 3011 indi
762 2971 832 3014 num
853 2971 881 3013 vi
902 2969 944 3012 en
989 2932 1059 3001 otest‘

137 3024 233 3110 inquit
254 3046 332 3100 „eos
355 3025 399 3089 vir
401 3049 446 3101 os,
472 3049 545 3111 quos
565 3050 617 3093 vos
636 3019 716 3094 solbs
736 3020 901 3108 curu'bus,
921 3029 1062 3108 1033an

137 3112 496 3193 textastunieapair'u'ata
513 3119 904 3196 ettogrpiurecaorona
924 3091 1062 3184 triumlhall

138 3195 500 3285 lauredqde‘lionoraritb,
523 3214 647 3280 quorum
662 3201 765 3264 domos
782 3203 883 3283 spoliis
901 3175 1073 3265 bostiutfl'i'd’

138 3276 203 3372 fixis
219 3276 349 3356 raamias
364 3282 534 3357 interalias
545 3284 886 3370 feceritisppontilicalia
902 3294 981 3362 atque
994 3260 1078 3343 ³³3³*-

98 3355 214 3415 ioraha
233 3360 358 3436 insignia
380 3364 514 3428 adiceret
548 3370 598 3448 qui
620 3368 694 3429 lovis
719 3372 821 3450 optimi
844 3367 958 3433 maximi
982 3352 1062 3418 orodi

140 3435 307 3508 demittas,
330 3461 420 3506 curru
435 3457 536 3510 aurato
557 3469 612 3530 per
627 3450 731 3514 urbem
754 3463 852 3517 vectus
873 3457 904 3516 in
920 3426 1070 3529 capitoliffl
