2290 3920
202 240 293 281 amaa
306 241 336 282 1.
353 240 419 281 cnr.
438 227 480 281 37.
492 225 536 280 38.
557 217 597 300 [a.
613 219 800 301 [1291293]
916 223 978 289 189

44 386 152 466 reliquit.
183 387 251 447 inde
270 389 347 448 inter
366 385 501 448 hibunos
520 384 615 465 plebis
636 388 786 447 contentio
807 393 887 449 orta:
909 404 979 467 pars

43 473 248 541 intercessuros,
265 489 303 532 ue
314 489 390 532 noro
401 470 536 550 exemplo
546 468 757 549 triumpharet,
774 471 887 541 aiebat,
900 489 977 551 pars,

8 630 10 635 y
43 553 178 616 1111111111
199 555 336 619 adversus
352 552 479 633 collegas
498 553 692 633 triumphanti
711 553 836 615 futuros.
873 555 976 616 iactata
990 561 1021 612 1ο

43 656 80 698 res
88 638 120 699 ad
131 637 268 718 populum
281 645 332 711 est,
343 646 521 719 vocatusque
532 656 567 699 eo
575 636 678 698 consul
690 655 757 698 cum
768 637 806 700 Μ.
815 637 978 708 Horatium,

8 776 9 779 ,
42 720 212 784 hlalerium
226 722 376 793 consules,
393 723 496 784 Gaium
507 722 648 785 Marcium
660 720 791 783 Rutilum
804 738 912 802 nuper,
928 739 979 800 pa·

43 814 102 866 trem
113 808 181 878 eius,
192 809 243 888 qui
252 813 323 869 tunc
335 824 440 868 censor
452 814 538 877 esset,
551 822 610 868 non
619 823 655 866 ex
666 806 839 868 auctoritate
851 812 979 875 senatus,

7 904 9 907 ’
42 887 82 948 sed
95 892 169 951 iussu
182 889 284 970 populi
300 891 496 970 triumphasse
510 890 635 960 diceret,
657 887 802 951 adiciebat
815 907 847 950 se
863 907 979 970 quoquo
993 894 1021 945 11

43 971 148 1035 laturum
165 975 254 1036 luisse
270 975 306 1036 ad
324 973 480 1054 populum,
500 976 530 1035 ni
544 975 648 1045 sciret,
668 975 824 1054 mancupia
837 971 980 1034 nobilium

43 1056 154 1120 1111111111
169 1059 264 1141 plebis
278 1058 375 1139 legem
391 1058 590 1139 inpedituros
612 1056 790 1120 voluntatem
813 1056 868 1119 sibl
889 1055 952 1118 acl
969 1088 980 1102 ·

44 1157 121 1203 rorem
147 1143 358 1205 consentientis
386 1142 487 1223 populi
507 1142 725 1222 pro'omnibus
748 1143 835 1204 iussis
856 1159 920 1203 esse
946 1157 980 1201 ao

42 1220 128 1286 somna.
169 1235 349 1307 posteroque
370 1227 417 1287 die
440 1227 546 1289 auxilio
567 1226 753 1287 tribunorum
774 1225 869 1305 plebis
889 1226 979 1286 trium
992 1228 1024 1277 12

43 1305 158 1372 maerens
171 1312 414 1375 intercessionem
430 1320 542 1390 septem
557 1309 743 1370 tribunorum
762 1316 791 1369 11
806 1327 981 1370 consensum

42 1401 138 1456 senatus
155 1394 326 1458 celebrante
341 1394 450 1475 populo
465 1394 543 1455 diem
557 1393 756 1471 triumpharit.

88 1477 121 1538 Et
131 1478 215 1541 huius
226 1480 297 1540 anni
308 1496 413 1558 parum
425 1485 563 1539 constans
573 1477 715 1538 memoria
728 1481 780 1535 est.
798 1476 984 1545 Postumium,
992 1478 1024 1530 ts

11 1560 12 1565 ’
42 1568 124 1621 auctor
146 1572 188 1625 est
208 1562 348 1625 Claudius
368 1564 399 1624 in
421 1562 542 1624 Samnio
562 1561 656 1638 captis
677 1557 788 1638 aliquot
806 1556 930 1619 urbibus
950 1559 982 1617 in

11 1650 12 1653 ’
41 1641 123 1720 Apula
147 1647 243 1709 iusum
271 1646 475 1727 iugatamque,
504 1645 635 1725 caurcium
664 1644 761 1722 ipsum
790 1660 855 1703 eum
882 1642 983 1719 paucis

8 1806 9 1809 Ἴ
42 1722 172 1793 Luceriam
185 1728 376 1811 conpulsum:
393 1730 429 1791 ab
441 1729 528 1792 Atilio
538 1731 570 1789 in
581 1724 698 1789 Etruria
710 1744 758 1787 res
774 1732 883 1804 gestas,
900 1742 982 1787 eum·

8 1846 13 1881 3
41 1825 85 1885 que
98 1815 300 1894 triumphasse.
332 1813 441 1875 Fabius
457 1811 544 1874 ambo
562 1809 697 1873 consules
718 1812 748 1871 in
764 1809 883 1872 Samnio
901 1815 930 1870 et
945 1808 982 1870 ad
994 1815 1025 1866 14

41 1888 172 1961 Luceriam
186 1917 236 1960 res
257 1898 383 1977 gessisse
398 1896 515 1969 scribit,
539 1897 767 1976 traductumque
787 1895 819 1954 in
834 1891 981 1956 Etruriam

42 1981 180 2044 exereitum
195 1981 304 2043 -sed
324 1979 361 2043 ab
381 1990 447 2043 utro
468 1980 603 2049 consule,
625 1997 686 2041 nnn
707 1978 813 2040 adiecit
835 1986 921 2039 —et
943 1978 980 2040 ad
992 1983 1024 2034 15

41 2055 172 2129 luceriam
193 2068 345 2145 utrimque
366 2065 474 2128 multos
488 2066 614 2135 occisos,
635 2065 725 2143 inque
741 2082 775 2124 ea
796 2080 893 2143 pugna
907 2061 982 2122 lovis

42 2140 145 2210 Statoris
158 2152 263 2212 aedem
279 2158 389 2220 notam,
412 2157 446 2211 ut
459 2148 600 2211 Romulus
621 2155 689 2209 ante
708 2155 840 2215 voverat;
865 2144 917 2205 sed
939 2145 981 2205 ia·

42 2240 97 2289 uum
108 2239 232 2305 mutum,
249 2232 282 2293 id
297 2240 342 2293 est
356 2232 437 2297 locus
450 2231 561 2313 templo
577 2232 681 2293 effatus
695 2227 857 2311 [sacratus]
873 2229 977 2288 iuerat.

42 2317 153 2378 ceterum
165 2318 222 2379 hoc
238 2317 359 2378 demum
380 2335 473 2388 anno,
495 2324 528 2377 ut
548 2315 651 2377 aedem
666 2317 754 2375 etiarn
776 2312 842 2372 11111
863 2319 981 2372 senatus
993 2317 1025 2368 ta

42 2389 151 2473 inbuet,
166 2401 212 2464 bis
224 2400 357 2463 eiusdem
369 2401 427 2462 voti
438 2401 574 2463 damnata
587 2396 749 2476 republica
763 2397 794 2456 in
808 2393 981 2474 religionem

42 2480 113 2542 11111.
1027 2524 1030 2531 ,

90 2561 235 2631 XXXVlll.
267 2570 404 2649 Sequitur
429 2567 509 2628 hunc
537 2577 654 2625 annum'
668 2570 698 2624 11
722 2560 825 2623 consul
849 2562 1007 2638 insigniat

43 2638 68 2700 L·
80 2643 204 2729 Papirius
219 2654 344 2725 Cursor,
360 2670 417 2733 qua
432 2658 555 2729 paterna
574 2646 667 2726 gloria
682 2665 738 2726 qua
754 2662 806 2706 sua
826 2651 855 2706 et
872 2643 982 2705 bellum

44 2723 131 2805 ingens
146 2738 342 2818 victoriaque,
361 2741 501 2815 quantam
516 2732 553 2792 de
567 2728 748 2794 Samnitibus
763 2747 851 2791 nemo
866 2728 902 2790 ad
917 2747 982 2797 earn
1030 2805 1035 2811 ἢ

44 2805 107 2875 diem
117 2828 232 2895 praeter
245 2820 279 2882 L.
291 2820 454 2899 Papirium,
470 2825 584 2898 patrem
603 2813 745 2886 consulis,
761 2823 926 2894 pepererat.
953 2821 1009 2874 111

44 2889 106 2957 iente
122 2903 223 2966 eodem
234 2913 341 2966 conatu
352 2910 550 2983 apparatuque
567 2901 648 2965 omni
661 2897 809 2980 opulentia
824 2898 983 2977 insignium

43 2990 175 3047 armorum
194 2986 305 3049 bellum
320 2987 534 3050 adornaverant
551 2992 580 3046 et
595 2985 718 3047 deorum
735 2984 822 3045 etiam
843 2980 982 3043 adhibue-

44 3070 99 3155 rant
117 3085 184 3146 opes
203 3073 261 3133 ritu
280 3070 406 3153 quodam
428 3069 604 3132 sacramenti
628 3076 741 3130 vetusto
761 3064 840 3126 velut
864 3064 983 3125 initiatis

44 3141 176 3215 mlitibus.
202 3154 310 3217 dilectu
320 3172 374 3236 per
385 3172 472 3215 omne
483 3154 632 3214 Samnium
644 3150 745 3212 habito
756 3166 830 3208 nova
845 3147 924 3225 lege,
941 3152 981 3215 ut,
994 3152 1010 3202 3

45 3227 85 3301 (1¹11
104 3233 246 3301 iuniorum
266 3257 327 3300 non
349 3239 533 3300 convenisset
556 3235 592 3296 ad
617 3235 829 3314 imperatorum
855 3229 982 3290 edictum

45 3310 137 3391 quique
159 3319 269 3385 iniussu
290 3322 411 3392 abisset,
440 3328 528 3399 caput
549 3319 609 3379 lori
630 3323 812 3386 sacraretur,
838 3314 1011 3375 exercitasse
1079 3366 1081 3370 .

45 3398 126 3484 imnis
139 3400 320 3482 aquiloniam
339 3418 384 3468 est
398 3405 544 3467 inductus.
576 3402 613 3465 ad
626 3400 820 3483 quadraginta
830 3397 911 3461 milia
927 3399 983 3460 mi·

121 3529 128 3552 ,
153 3488 228 3566 quod
252 3489 368 3552 roboris
388 3492 419 3552 in
442 3490 561 3551 Samnio
583 3495 661 3559 erat,
688 3492 898 3548 convenerunt.
942 3481 1011 3541 ibid
