2280 3926
205 225 294 268 trena
306 229 338 268 x.
351 225 419 270 car.
435 213 478 268 15.
495 212 537 266 tc.
555 205 593 287 [n.
608 207 643 268 Ο.
657 213 718 267 297.
734 205 798 288 296]
916 212 977 276 163

56 367 137 437 risset,
150 377 287 433 extractos
303 373 409 434 dende
425 373 461 433 ad
477 381 627 434 certamen
643 373 775 437 tndnset
792 372 1021 461 ibi-quemme

54 448 193 545 ppglnsfuae
206 455 257 517 luit
274 475 360 536 qnam
381 457 493 517 caedis:
515 456 573 517 duo
594 455 674 517 milia
693 456 855 537 Apulorum
875 474 977 527 caesa;

53 541 184 614 spretoque
197 556 230 599 eo
244 542 327 601 hoste
343 541 448 602 Decius
462 542 493 599 in
513 539 666 601 Samnium
686 538 818 618 legiones
831 539 923 602 duxit.
936 540 1006 605 iiia

52 614 96 676 ino
109 620 264 685 conolores
289 625 437 684 exercitus
462 622 585 684 dirersis
611 625 707 702 vagati
725 622 859 702 partibus
879 626 977 685 omnia

51 701 125 778 spetip
136 705 258 785 quinque
270 725 407 769 mensum
430 714 607 769 evastarunt.
640 707 833 786 qnadraginta
848 714 878 767 et
892 708 1005 787 quin-4

50 797 93 859 que
105 782 162 847 loca
175 788 206 848 in
222 790 340 852 Samnio
354 790 451 863 luere,
466 792 498 851 in
511 789 620 871 quibus
633 790 715 856 Decii
736 798 831 852 castra
846 788 978 860 luerunt,

50 863 147 929 uerius
162 875 288 935 consulis
300 892 353 935 sex
364 886 394 935 et
407 876 565 953 octoginta.
596 891 652 936 nec
662 874 729 937 valli
743 881 856 936 tantum
868 892 903 936 ac
918 874 1005 935 foss

48 964 125 1012 strum
146 958 262 1035 vestigia
283 957 399 1028 relicta,
426 957 480 1018 sed
501 957 594 1020 multo
618 957 677 1021 illis
695 960 858 1037 insigniora
871 976 977 1020 monn·

48 1043 124 1128 nenia
142 1042 279 1104 vastitatis
300 1044 379 1104 circa
398 1043 613 1122 regionumque
635 1042 888 1123 depopulaturum.
921 1042 1005 1104 Fati

47 1112 97 1176 bus
109 1121 189 1186 etiam
201 1125 308 1189 urbem
324 1125 481 1191 Cimetram
503 1128 590 1207 cepit
625 1125 668 1187 ibi
690 1124 775 1208 capta
795 1134 977 1188 armatorum

47 1196 173 1293 duomilia
188 1211 343 1288 nongenti,
366 1211 443 1271 caesi
467 1218 632 1289 pugnantes
652 1211 747 1272 terme
766 1212 910 1292 nongenti
924 1213 976 1272 tri·
1046 1234 1050 1239 ·

89 1367 157 1457 inde¹
172 1378 359 1438 comitiorum
382 1372 469 1438 causa
488 1377 613 1439 Romam
641 1377 792 1456 proiectus
820 1379 1004 1438 maturaritt

45 1464 93 1543 tem
107 1460 166 1518 retii
180 1476 279 1538 agere.
307 1479 374 1522 cnm
389 1462 486 1540 primo
499 1469 619 1521 vocatae
633 1460 668 1531 Q.
684 1459 808 1522 Fabium
823 1461 975 1521 consulem

42 1529 152 1600 dicerent
167 1559 272 1605 omnes
289 1545 523 1623 centuriaeflp.
538 1543 677 1605 Claudius
699 1541 863 1605 consularis
877 1543 976 1603 candi·

42 1612 119 1692 dilus,
133 1626 174 1685 vir
185 1645 254 1688 acer
266 1637 297 1688 et
307 1629 491 1699 ambitiosus,
510 1646 570 1689 non
585 1628 631 1688 sui
641 1628 735 1705 magis
746 1626 868 1687 honoris
880 1634 1005 1696 causati

41 1715 108 1775 quam
122 1717 152 1769 ut
171 1714 290 1788 patricii
309 1720 522 1792 recuperarent
544 1711 602 1772 duo
617 1710 782 1774 consularia
803 1710 884 1781 loca,
908 1728 975 1771 cnm

39 1785 86 1845 Suis
103 1796 161 1851 turn
175 1797 266 1857 totius
282 1795 442 1857 nobilitatis
456 1795 567 1856 viribus
587 1794 735 1865 incubuit,
754 1802 788 1855 ut
804 1814 836 1855 se
856 1813 924 1856 cum
939 1794 974 1865 0.

8 1908 10 1913 >
37 1863 111 1931 Fabio
122 1876 269 1941 consulem
283 1880 425 1940 dicerent.
455 1878 564 1940 Fabius
579 1879 676 1959 primo
691 1879 730 1940 tle
743 1897 776 1939 se
792 1879 893 1940 cadem
910 1879 1002 1941 lereti

37 1965 96 2047 llic
114 1961 211 2036 priore
233 1981 314 2024 anno
333 1962 459 2024 dicendo
480 1964 622 2025 abnuere.
653 1966 845 2025 circumstare
871 1962 974 2026 sellam
1041 2036 1046 2043 ,

37 2039 115 2099 01111111
129 2043 280 2116 nobilitas,
304 2064 406 2117 orare,
429 2057 463 2108 ut
480 2067 517 2109 ex
536 2065 630 2110 caeno
651 2047 768 2127 plebeio
791 2048 974 2109 consulatum

34 2123 182 2213 eruaheret
199 2132 442 2210 maiestatemque
464 2133 617 2210 pristinam
639 2149 706 2192 cum
723 2132 830 2192 honori
845 2142 906 2192 tum
922 2141 973 2209 pa-

33 2205 109 2295 illeiis
122 2213 259 2287 gentibus
272 2212 420 2276 redderet.
450 2214 558 2276 Fabius
572 2213 688 2276 silentio
702 2215 779 2274 iacto
794 2216 888 2274 media
905 2232 970 2273 ora·
984 2220 1016 2271 10

31 2288 96 2379 ione
113 2295 207 2357 studia
230 2299 386 2360 hominum
405 2298 531 2358 sedavit:
555 2300 702 2359 iacturum
724 2299 802 2358 enim
830 2316 862 2358 se
883 2297 973 2358 luisse

33 2364 104 2443 dull,
118 2387 151 2438 ut
164 2379 293 2443 duorum
310 2382 503 2460 patriciorum
517 2385 638 2442 nomina
657 2384 819 2463 reciperet,
843 2382 869 2442 si
883 2380 973 2442 alium

30 2465 102 2527 quarn
115 2477 146 2523 se
160 2464 317 2527 consulem
337 2466 403 2526 lieri
424 2465 557 2543 viderem⁴
572 2482 652 2547 nunc
673 2484 706 2525 se
725 2483 808 2526 suam
829 2467 1013 2525 rationemtt

30 2541 155 2616 limitis,
170 2565 241 2610 cnm
258 2558 362 2610 contra
376 2548 456 2625 leges
469 2549 601 2610 futurum
618 2550 671 2619 sit,
692 2547 972 2626 pessimo-exemplo

28 2631 79 2701 11911,
89 2624 269 2694 habiturum.
296 2634 336 2693 ita
350 2633 384 2697 t.
396 2633 568 2695 Volumnius
581 2632 618 2693 de
632 2630 719 2711 plebe
736 2649 805 2692 cum
815 2631 869 2710 Ap.
886 2630 1015 2692 clau-12

28 2699 68 2762 ilic
80 2712 181 2774 consul
198 2726 245 2777 est
259 2717 368 2786 iactus,
384 2719 485 2796 priore
500 2718 571 2777 item
586 2715 740 2777 consulatu
759 2716 838 2776 inter
853 2733 885 2777 se
901 2733 971 2776 con-

25 2795 116 2859 ratu.
140 2797 281 2860 nobilitas
292 2798 440 2862 obiectare
451 2800 542 2861 Fabio
553 2801 663 2879 fugisse
678 2819 745 2862 eum
756 2799 972 2881 Aplllaudium

24 2868 156 3015 sialletgam
172 2881 343 2962 eloquentia
358 2884 548 2964 civilibusque
561 2884 677 2946 artibus·
689 2884 869 2947 hauddubie
884 2903 970 2966 prae·

62 2970 145 3023 ilem.
509 3016 512 3019 Α

25 3118 30 3128 ,
76 3038 144 3107 XVI.
180 3049 315 3111 Comitiis
331 3053 470 3131 perfectis
490 3061 605 3114 veteres
620 3052 757 3114 consules
771 3055 844 3115 iussi
859 3051 995 3113 henumt

23 3132 50 3210 in
60 3121 175 3189 Samnio
188 3149 295 3211 gerere
309 3145 468 3214 prorogato
478 3139 511 3195 in
521 3153 573 3197 sex
582 3154 700 3197 menses
711 3138 847 3216 imperio.
872 3134 971 3215 itaque
982 3144 1009 3211 2Ι

24 3215 180 3295 renuenti
197 3235 314 3298 quoque
334 3238 412 3280 anno
428 3220 461 3280 L.
483 3218 638 3280 Volumnio
653 3221 707 3299 Ap.
726 3219 848 3281 Claudio
863 3236 969 3280 consu·

24 3280 103 3361 llius,
123 3295 156 3358 P.
171 3298 293 3372 Decius,
314 3306 364 3382 qui
379 3302 483 3365 consul
500 3304 532 3363 in
546 3303 665 3364 Samnio
684 3302 804 3365 relictus
821 3322 838 3363 a
857 3302 970 3382 collega

25 3365 124 3448 luerat,
137 3385 299 3458 proconsul
313 3386 392 3448 idem
405 3385 541 3466 populari
554 3405 615 3448 non
629 3387 741 3448 destitit
756 3405 857 3464 agros,
874 3387 969 3449 donec

25 3450 188 3526 Samnitium
207 3472 371 3553 exercitum
391 3488 586 3551 nusquttnse
593 3471 715 3559 proelio
735 3474 967 3534 committentem

638 3650 641 3656 ⁵
694 3550 759 3623 11*
