2290 3920
164 218 224 280 222
347 233 441 275 arnna
454 234 517 277 ω.
534 232 602 275 oua.
618 221 663 276 21,
678 222 721 274 22.
738 211 777 294 [a.
788 235 819 275 u.
835 235 860 274 c.
871 210 932 294 oto]

164 379 252 440 Gadis
272 380 423 459 proiectos
434 379 555 441 Herculi
570 388 635 441 vota
650 379 786 449 exsolvit,
805 382 941 459 novisque
960 397 990 439 se
1004 376 1095 457 obligat

122 464 253 532 levetis,
274 465 300 524 si
319 473 415 525 cetera
435 480 576 544 prospera
598 467 771 526 evenissent.
801 464 870 523 inde
890 465 1013 543 partiens
1027 481 1095 523 coras

164 544 251 606 simol
271 551 304 607 in
327 547 515 608 inferendum
536 556 622 628 atque
642 548 802 609 arcendum
822 546 946 617 bellum,
971 564 1020 616 ne,
1041 546 1094 607 don

163 631 227 708 ipse
253 633 390 692 terrestri
415 649 471 710 per
490 632 659 710 Hispaniam
688 631 854 710 Galliasque
880 631 982 690 itinere
1004 629 1093 690 ltalIan

163 721 292 794 peteret,
313 714 391 782 nuda
413 722 571 795 apertaque
586 716 725 776 Romanis
742 715 840 776 hirica
860 713 896 775 ab
914 713 1006 774 Sicilia
1029 719 1093 780 esset,

122 805 152 855 tt
167 797 262 860 ralido
283 799 429 878 praesidio
452 798 571 860 firmare
586 818 650 860 eam
673 800 781 859 statuit.
816 816 871 877 pro
886 816 921 859 eo
936 796 1093 877 supplemeu«

163 888 226 943 turn
248 884 311 961 ipse
338 900 372 943 ex
393 881 491 951 Africa
512 884 638 943 maxime
662 881 870 951 iaculatorum,
896 879 1094 947 leriumarmis,

163 966 262 1045 petiit,
281 974 315 1025 ut
328 965 392 1026 diri
413 966 444 1024 in
455 965 608 1044 Hispania,
625 966 747 1045 Hispani
766 968 796 1025 in
808 965 919 1035 didon,
936 963 1034 1025 melior
1045 980 1095 1042 pro·

164 1049 212 1109 cul
228 1048 264 1110 ab
280 1049 368 1109 domo
393 1047 509 1110 futurus
531 1057 655 1129 uterque
679 1049 777 1120 miles,
799 1048 879 1110 velut
892 1049 997 1110 mutuis
1016 1047 1095 1127 pigno·

102 1132 104 1138 ‘
123 1140 155 1190 12
166 1132 249 1193 ribus
270 1131 405 1211 obligati,
425 1132 569 1212 stipendia
591 1132 731 1194 facerent.
769 1132 912 1195 tredecim
933 1131 1010 1194 milia
1026 1129 1095 1190 octin-

164 1222 268 1295 gentos
284 1217 493 1295 qninquaginta
515 1217 629 1296 pedites
646 1224 791 1278 caetratos
807 1217 888 1278 misit
906 1218 937 1276 in
951 1216 1065 1277 Africam
1076 1216 1095 1270 et
1129 1279 1130 1282 Ἴ

164 1299 329 1360 funditores
339 1299 477 1361 Baleares
489 1302 674 1378 octingentos
685 1301 885 1381 septuaginta,
897 1301 1006 1380 equites
1016 1299 1095 1359 mixto

123 1389 203 1444 tter
225 1382 325 1444 moltis
351 1383 490 1461 gentibus
517 1383 597 1446 mille
618 1383 768 1445 ducentos.
816 1384 871 1444 has
894 1385 992 1462 copias
1013 1381 1094 1460 partin

166 1467 335 1546 Carthagini
357 1467 505 1546 praesidio
525 1486 603 1539 esse,
631 1470 738 1548 partlm
759 1467 898 1529 distribui
922 1485 974 1546 per
995 1465 1093 1526 dirican

164 1551 255 1612 iubet.
293 1550 381 1611 simol
401 1550 648 1631 conquisitoribus
668 1554 699 1611 in
719 1553 849 1612 civitates
871 1549 968 1612 missis
983 1556 1092 1630 quattuor

165 1635 245 1696 milia
267 1636 434 1714 conscripta
456 1635 587 1697 delectae
610 1637 781 1707 iuventutis,
804 1635 983 1714 praesidium
1004 1629 1092 1693 eosdem

139 1725 195 1779 let
217 1718 348 1787 obsides,
375 1719 442 1778 doci
465 1719 671 1795 Carthaginem
692 1718 783 1780 iubet.
826 1719 915 1781 XXII.
953 1719 1043 1796 Neque
1060 1710 1093 1772 Hi·

101 1798 103 1801 ’
165 1803 298 1879 spaniam
311 1801 524 1880 neglegendam
536 1811 631 1872 ratos,
645 1803 774 1883 atqueid
786 1805 945 1873 eominus,
960 1799 1030 1881 qood
1039 1790 1093 1858 haul

102 1954 116 1973 ν
165 1887 286 1961 ignarus
300 1894 365 1945 erat
380 1887 562 1946 circumitam
581 1885 617 1946 ab
632 1887 771 1947 Romanis
787 1905 852 1947 earn
868 1885 974 1965 legatis
992 1882 1026 1945 ad
1038 1875 1093 1941 solli·

166 1967 300 2028 citandos
311 1969 478 2047 principum
490 1971 619 2038 animos,
631 1969 806 2030 Hasdrubali
819 1970 921 2040 fratri,
932 1965 1092 2044 vtrotopigro

140 2059 232 2111 team
257 2052 441 2130 provinciam
464 2052 591 2113 destinat
614 2053 777 2132 firmatque.
788 2072 855 2115 eum
874 2054 981 2115 Africis
998 2047 1093 2111 marian

65 2126 101 2219 ,J
166 2134 335 2214 praesidiis,
357 2134 489 2214 peditum
501 2137 638 2197 Afrorum
656 2137 793 2198 undecim
811 2137 933 2198 milibus
953 2126 1093 2210 octogonis

68 2222 98 2289 h
138 2220 392 2298 equisquaginta,
413 2219 571 2298 Liguribus
587 2222 743 2290 trecentis,
766 2220 932 2283 Baliaribus
952 2211 1092 2296 qudtnenit'l·

166 2303 203 2362 ad
219 2303 293 2364 haec
304 2303 435 2382 peditum
448 2305 554 2365 auxilia
566 2304 657 2364 additi
668 2306 780 2384 equites
792 2304 1032 2384 Libyphoenices,
1041 2295 1092 2357 nit·

169 2394 229 2447 tom
245 2388 388 2447 Punicum
403 2388 482 2447 diris
502 2406 610 2466 genus,
634 2389 841 2468 quadringenti
863 2387 1060 2463 quinquaqinta
1074 2378 1092 2468 tl

165 2469 314 2531 Numidae
327 2465 502 2550 Maurique,
525 2471 642 2532 accolae
663 2471 785 2540 Oceani,
808 2470 844 2532 ad
865 2472 947 2532 mille
967 2464 1091 2541 comperi

166 2561 195 2614 et
228 2572 318 2633 parva
337 2553 495 2632 Ilergetum
514 2574 618 2616 manus
637 2574 673 2616 ex
691 2555 843 2635 Hispania,
867 2556 982 2616 ducenti
1002 2547 1090 2642 eqolltt

165 2646 208 2708 et,
238 2656 276 2698 ne
291 2637 369 2718 quod
390 2641 540 2700 terrestris
554 2640 670 2700 deesset
683 2636 784 2708 vauxilii
798 2657 904 2717 genus,
927 2637 1090 2716 elephanto·

137 2722 237 2798 lginti
263 2740 347 2781 unus.
376 2721 477 2783 classis
492 2730 646 2801 praeterea
661 2723 727 2782 data
740 2723 777 2783 ad
792 2723 931 2784 tuendam
942 2719 1089 2781 mensumn

166 2819 270 2873 oram,
287 2807 370 2883 quia,
390 2817 447 2882 qua
462 2815 546 2883 perte
561 2806 630 2868 belli
646 2808 791 2876 vicerant,
808 2825 841 2867 ea
854 2815 915 2867 tom
932 2815 1037 2885 quoqne
1047 2802 1089 2852 rell

166 2893 304 2964 gesturos
328 2888 475 2947 Romanos
494 2889 577 2949 credi
598 2897 727 2968 poterat,
754 2892 962 2970 qninquaginta
982 2883 1089 2964 quintil·

165 2987 283 3038 remes,
305 2971 507 3050 quadriremes
527 2971 615 3043 duae,
637 2975 775 3033 triremes
795 2976 940 3054 quinque;
968 2966 1014 3030 sed
1030 2962 1088 3038 aptat

165 3055 386 3133 instructaeque
400 3056 524 3134 remigio
538 3058 657 3134 triginta
672 3065 702 3117 et
714 3056 788 3118 dnae
802 3059 1019 3136 quinqueremes
1031 3039 1089 3103 orani

166 3145 196 3199 et
214 3141 352 3200 triremes
364 3140 504 3218 quinque.

103 3270 104 3273 η
138 3233 156 3283 o
227 3223 271 3283 Ab
295 3222 425 3284 Gadibus
440 3224 645 3303 Carthaginem
662 3224 699 3284 ad
719 3224 843 3285 hiberna
861 3222 998 3284 exercitus
1018 3204 1087 3273 redut

167 3312 255 3383 atque
266 3307 335 3367 inde
347 3308 497 3385 proiectus
511 3319 629 3387 praeter
640 3310 800 3370 Etorissam
814 3308 918 3368 urbem
933 3302 967 3365 ad
979 3295 1087 3360 lliberllm

139 3389 325 3449 dmaritoma
341 3410 392 3451 ora
408 3391 495 3452 ducit.
528 3393 570 3452 ibi
591 3393 668 3455 lama
683 3402 727 3454 est
747 3395 778 3452 in
800 3394 898 3472 quiete
920 3390 1005 3447 visuro
1023 3374 1087 3463 abel

104 3554 105 3557 Ἴ
167 3470 300 3530 iuvenem
331 3473 426 3534 divina
446 3478 557 3554 specie,
579 3480 629 3558 qni
650 3495 681 3538 se
701 3477 738 3538 ab
752 3477 818 3538 love
841 3476 949 3536 diceret
967 3461 1086 3527 docentn
