2350 3922
166 203 229 264 364
326 216 421 256 mera
435 215 525 258 mn.
542 215 613 256 car.
625 204 668 256 43.
683 204 727 256 44.
745 193 787 275 [a.
804 220 834 258 u.
851 219 875 259 e.
890 192 954 275 539]

118 380 128 443 a,
165 382 220 446 per
234 382 336 424 muros
350 360 534 424 inambulare
548 371 708 427 senatores
723 362 851 425 Nolanos
868 364 951 425 iussit
971 370 999 422 et
1016 360 1098 423 omnia

122 448 244 508 {tcirca
259 446 428 527 explorare,
446 465 520 525 quae
538 446 616 526 apud
631 446 730 508 hostes
751 449 863 510 fierent.
894 465 929 508 ex
944 446 987 507 bis
1001 446 1099 515 Hanno,

44 596 47 599 ,
130 552 135 577 2
166 549 233 592 cum
250 530 286 591 ad
298 549 415 592 murum
428 533 613 603 sucessisset,
630 530 811 592 Herennium
823 530 943 593 Bassum
958 538 986 590 et
995 528 1100 589 Herium

128 648 131 651 ·
165 617 293 678 Pettium
318 615 355 675 ad
384 612 573 695 conloquium
601 622 737 676 evocatos
762 617 966 695 permissuque
990 610 1100 674 Marcelli

125 706 157 757 ιο
168 718 302 779 egressos
316 717 370 779 per
386 700 578 778 interpretem
595 699 771 779 adloquitur.
801 697 971 761 Hannibalis
985 698 1099 757 virtutem

166 785 372 863 fortunamque
388 781 516 853 extollitr
535 783 635 865 populi
648 783 774 844 Romani
789 782 899 844 obterit
914 790 948 844 ut
963 796 1098 842 senescen·

35 948 36 951 Ἴ
125 876 154 927 ri
167 876 227 929 tem
257 886 323 928 cum
347 866 456 928 viribus
476 870 669 929 maiestatem.
710 886 786 948 quac
807 868 935 946 siparia
956 873 1059 933 essent,
1076 870 1101 921 ut

165 951 314 1033 quondam
326 950 464 1026 luissent,
482 958 582 1028 mmet]
596 952 738 1030 expertis,
757 969 845 1031 qiam
856 969 945 1030 grave
959 949 1100 1010 Romanum

166 1037 323 1115 imperium
342 1037 444 1111 sociis,
466 1042 575 1115 quanta
591 1034 772 1114 indulgentia
793 1033 966 1096 Hannibalis
988 1034 1065 1094 enam
1078 1031 1102 1088 in

166 1120 295 1198 captivos
310 1120 405 1179 omnis
421 1118 514 1180 Italici
529 1120 658 1180 nominis
675 1120 793 1190 suisset,
815 1118 958 1180 Punicam
974 1116 1102 1177 Romanae

124 1204 339 1289 tisociemtem
355 1210 441 1282 atque
457 1204 614 1264 amicitiam
636 1202 864 1282 praeoptandam
883 1220 958 1263 esse.
990 1202 1014 1262 si
1033 1196 1100 1260 ambo
1141 1198 1143 1259 i

139 1318 153 1365 χ
167 1286 302 1347 consules
313 1303 380 1347 cum
392 1287 452 1347 suis
466 1286 644 1350 exercitibus
657 1287 693 1348 ad
705 1286 809 1349 Nolam
821 1295 937 1357 essent,
955 1296 1100 1347 tamennon
1141 1276 1143 1347 ζ

149 1368 259 1449 imagis
274 1388 361 1450 pares
376 1370 532 1432 [iannibali
548 1371 678 1443 iuturus,
699 1388 786 1451 quam
804 1370 839 1431 ad
856 1370 974 1433 Cannas
990 1368 1101 1433 luissent,
1142 1418 1143 1421 ,

166 1456 274 1516 nedum
291 1463 412 1534 praetor
426 1473 502 1517 nnus
515 1474 582 1519 cum
596 1458 698 1536 paucis
722 1465 752 1516 et
766 1456 848 1515 noris
863 1453 1005 1516 militibus
1018 1447 1099 1512 Nolam

124 1546 156 1597 13
167 1541 256 1600 tuteri
271 1541 372 1618 possit.
408 1542 538 1619 ipsorum
560 1559 647 1620 quam
669 1537 838 1601 Hannibalis
857 1539 1016 1608 interesse,
1036 1539 1099 1610 capit

165 1641 203 1684 an
217 1623 324 1684 tradita
340 1622 413 1685 Nola
426 1632 594 1703 poteretur:
617 1626 777 1705 potiturum
797 1624 892 1694 enim,
909 1632 942 1685 ut
957 1623 1047 1700 Capua
1056 1614 1100 1677 Nu·
1142 1658 1143 1691 p

167 1709 305 1787 seriaque
319 1710 429 1787 potitus
444 1717 537 1778 esset;
550 1708 602 1770 sed
619 1708 688 1788 quid
703 1710 781 1768 inter
797 1706 916 1786 Capuae
929 1725 966 1767 ac
980 1700 1099 1768 Nuceriae
1142 1694 1143 1737 t

165 1791 314 1852 fortunam
335 1794 505 1864 interesset,
524 1794 603 1872 ipsos
622 1809 715 1872 prope
740 1792 771 1850 in
786 1790 884 1851 medio
910 1793 982 1852 sitos
995 1784 1099 1850 Nolanos

124 1881 156 1932 ts
168 1876 253 1935 scire.
290 1873 368 1935 nolle
384 1877 523 1945 ominari,
547 1894 622 1956 quae
637 1884 738 1954 captae
754 1875 823 1936 urbi
840 1891 947 1937 casura
963 1874 1062 1939 iurent,
1079 1870 1099 1924 ei

164 1959 262 2037 potius
277 1957 440 2035 spondere,
464 1960 490 2019 si
510 1957 681 2021 Marcellum
705 1978 771 2020 cum
793 1959 948 2038 praesidio
968 1975 1001 2018 ac
1018 1949 1098 2016 Nolui

165 2040 369 2110 tradidissent,
392 2043 540 2103 neminem
559 2042 649 2103 aliurn
673 2060 762 2122 quam
783 2044 864 2121 ipsos
885 2042 995 2122 legem,
1017 2033 1098 2119 quain

165 2127 335 2186 societatem
359 2126 575 2204 amicitiamque
595 2125 768 2187 Hannibalis
787 2127 939 2197 venirent,
969 2125 1097 2185 dicturum.
1141 2122 1142 2125 ’

139 2206 260 2271 lXLlV.
292 2208 347 2271 bd.
361 2228 394 2269 ea
409 2208 576 2270 Herennius
594 2209 700 2271 Bassus
734 2209 903 2289 respondit,
942 2207 1042 2270 multos
1060 2215 1096 2262 aa·

165 2311 220 2354 nos
241 2295 299 2354 iam
321 2295 399 2353 inter
420 2293 586 2355 Romanum
608 2293 811 2374 Nolanumque
836 2294 981 2374 populum
1001 2282 1097 2352 amiciti·

166 2394 311 2445 amcam,
334 2379 416 2437 cuius
437 2384 559 2438 neutms
580 2378 700 2439 adeam
720 2377 797 2438 diem
813 2378 981 2457 paenitere,
1003 2381 1030 2434 et
1049 2364 1096 2431 eibi

165 2462 190 2521 si
205 2479 272 2520 cum
289 2460 406 2521 fortuna
419 2461 558 2522 mutanda
571 2461 643 2522 iides
658 2461 760 2531 luerit,
777 2478 845 2521 sero
857 2463 916 2521 iam
929 2477 993 2522 esse
1005 2460 1097 2520 mutare
1140 2476 1141 2479 ¹

137 2552 240 2604 team.
278 2561 319 2604 an
333 2544 476 2605 dedituris
495 2563 528 2606 se
542 2544 699 2606 Hannibali
719 2545 809 2606 fuisse
831 2543 1038 2607 accersendum
1055 2534 1096 2595 ito·

166 2646 321 2689 manorum
338 2627 534 2708 praesidiumi
564 2647 630 2689 cum
647 2629 697 2708 iis,¹
722 2629 773 2707 qui
794 2627 832 2689 ad
846 2646 912 2690 sese
934 2623 1050 2687 tuendos
1062 2632 1095 2674 re·
1140 2636 1141 2665 i

166 2713 292 2783 nissent,
309 2713 407 2772 omnia
421 2711 478 2772 sibi
493 2721 523 2773 et
536 2731 600 2773 esse
612 2713 777 2773 consociata
792 2719 822 2772 et
843 2711 880 2773 ad
898 2710 1028 2773 ultimum
1041 2703 1095 2763 iore.

137 2801 153 2853 3
225 2794 288 2854 Hoc
305 2794 493 2874 conloquium
508 2794 627 2858 abstulit
640 2813 723 2874 spem
735 2794 892 2856 Hannibali
909 2812 965 2874 pcr
979 2783 1096 2872 prodiitr

166 2896 234 2940 nem
250 2878 439 2957 recipiendae
453 2877 559 2949 Nolae:
582 2881 680 2959 itaque
702 2897 812 2941 corona
835 2879 975 2959 oppidum
995 2875 1096 2934 circum·
1139 2910 1140 2917 κ

138 2971 155 3019 4
167 2961 260 3033 dedit,
274 2969 307 3022 ut
322 2960 409 3021 simul
418 2961 454 3021 ab
465 2964 546 3022 omni
561 2970 645 3041 parte
659 2964 774 3023 moenia
786 2962 1005 3041 adgrederetur.
1029 2961 1095 3033 quem

167 3055 198 3107 ut
213 3047 371 3107 sucessisse
385 3046 477 3105 muris
488 3044 643 3108 Marcellus
654 3047 739 3117 vidit,
755 3048 899 3107 instructa
915 3044 990 3106 intra
1003 3042 1095 3120 portam

167 3131 229 3193 acie
251 3147 318 3190 cum
339 3145 446 3205 magno
466 3129 593 3191 tumultu
615 3130 720 3208 erupit.
759 3129 869 3210 aliquot
890 3129 984 3208 primo
1005 3121 1097 3195 smpeu

166 3211 294 3288 perculsi
309 3213 445 3288 caesique
460 3221 542 3282 sunt,
566 3213 633 3280 dein
649 3229 796 3275 concursu
817 3214 853 3274 ad
873 3207 1025 3293 pugnantis
1036 3201 1095 3292 still

167 3296 354 3371 aequatisque
368 3294 479 3356 viribus
493 3304 577 3356 atrox
592 3314 656 3357 esse
667 3300 765 3377 coepit
779 3313 893 3377 pugna;
907 3280 1095 3356 memoratio·

167 3391 224 3450 que
246 3375 323 3435 inter
343 3394 452 3453 paucas
472 3377 589 3451 luisset,
618 3382 649 3439 ni
668 3380 836 3459 ingentibus
856 3374 989 3460 procellis
1008 3369 1095 3431 suasus

137 3452 261 3512 timber
285 3456 451 3520 diremisset
475 3463 641 3540 pugnantis
686 3482 720 3524 eo
750 3464 797 3525 die
824 3464 976 3527 commisso
1000 3448 1094 3515 modi⁰⁰

1111 3664 1138 3880 l
