2396 3920
273 191 370 236 12222
383 191 440 235 vn.
455 190 525 237 222.
539 180 582 232 22.
598 178 641 230 23.
653 170 694 253 [a.
707 173 743 235 Ο.
757 180 818 236 313.
831 171 895 257 250]
1023 179 1066 245 23

105 343 242 406 neritum
271 338 360 401 levati
386 339 463 399 aeris
493 335 598 411 211221,
620 346 653 400 21
673 338 762 400 ambo
788 341 906 419 patricii
929 339 1067 404 consules

101 432 287 491 crearentur.
330 424 422 487 creati
441 423 505 503 ipse
525 421 556 485 G.
581 420 632 495 Sul
653 423 728 491 icius
749 422 879 496 Peticus,
911 428 961 506 221
980 428 1064 506 prior

97 502 362 607 interregupabfit,
375 512 405 567 et
414 505 450 570 Τ.
459 505 611 577 Quinctius
646 523 755 577 eunus;
768 509 886 587 quidam
892 510 1063 582 Caesonem,

96 593 145 656 2111
171 593 282 665 Garum
307 607 417 673 nomeu
439 589 574 661 Quinctio
601 589 739 657 adiciunt.
776 590 812 653 ad
838 590 951 661 bellum
976 593 1063 657 ambo
1093 615 1098 652 ·.

94 677 243 757 proiecti,
255 673 403 751 Faliscum
416 674 583 745 Quinctius,
596 672 743 754 Sulpicius
754 674 982 757 Tarquiniense,
995 696 1064 741 nus·

93 778 191 841 quam
211 760 277 821 acie
301 775 460 839 congresso
479 757 565 829 hoste
585 775 651 819 cum
672 759 751 838 agris
773 761 868 843 magis
908 779 975 827 uam
996 780 1064 824 cum

94 842 276 911 homiuibus
297 841 412 919 urendo
432 841 659 925 populandoque
679 849 837 921 gesserunt
860 779 938 904 121112
945 863 953 913 ;
982 847 1065 906 cuius

95 928 201 989 lentae
220 925 303 989 velut
324 923 399 993 nbis
414 926 496 989 senio
517 926 593 987 victa
608 926 761 1007 utriusque
778 928 942 1005 pertinacia
962 926 1065 1007 populi

94 1020 161 1081 est,
192 1017 226 1072 ut
245 1009 376 1088 primum
397 1026 413 1069 2
435 1006 620 1079 consulibus,
646 1008 713 1070 dein
735 1013 882 1091 permissu
903 1029 1006 1075 eorum
1026 1010 1063 1074 ab

94 1101 206 1158 senatu
219 1092 350 1157 indutias
362 1098 509 1171 peterent.
547 1093 579 1153 in
600 1091 791 1173 quadraginta
807 1114 900 1169 annos
922 1095 1063 1176 impetra·

97 1184 218 1239 vernut
244 1178 285 1241 ita
296 1177 392 1255 posita
406 1174 532 1241 duorum
543 1174 689 1241 bellorum
703 1195 778 1259 quae
789 1176 974 1249 inminebant
984 1198 1063 1252 cura,
1078 1181 1097 1239 6

99 1262 174 1322 dum
193 1260 291 1342 aliqua
306 1258 344 1321 ab
360 1261 451 1323 222112
466 1262 550 1341 quies
565 1268 657 1331 esset,
676 1262 742 1341 quia
758 1262 864 1333 solutio
882 1265 961 1330 aeris
977 1263 1064 1331 alieni

101 1343 263 1409 multarum
280 1361 382 1407 rerum
398 1349 562 1409 mutaverat
576 1343 725 1415 dominos,
742 1348 927 1427 2222222221
944 1345 1061 1429 placuit

102 1434 239 1491 ceterum
258 1445 325 1491 cum
348 1425 521 1493 censoribus
542 1426 678 1489 creandis
691 1427 800 1497 indicta
823 1430 1097 1499 2222112222221,τ

108 1509 258 1587 protessus
271 1528 425 1585 censuram
437 1528 470 1571 se
485 1515 587 1588 petere
600 1509 631 1571 C.
649 1508 777 1573 Marcius
792 1509 921 1591 Rutilus,
938 1514 989 1590 qui
1002 1514 1063 1589 pri·

108 1610 176 1653 mus
190 1590 307 1657 dictator
322 1594 359 1655 de
375 1591 462 1674 plebe
476 1593 588 1662 fuerat,
605 1589 793 1659 concordiam
809 1590 946 1657 ordinum
962 1592 1063 1655 turba.

106 1678 154 1739 rit.
185 1676 262 1757 quod
277 1676 430 1749 videbator
445 1676 564 1757 quidem
581 1683 715 1754 tempore
737 1674 833 1741 211222
851 1675 970 1749 fecisse,
994 1679 1062 1757 2212
1077 1683 1095 1734 8

103 1759 193 1821 ambo
206 1768 269 1823 tum
284 1761 362 1825 torte
376 1760 493 1839 patricii
508 1757 645 1825 consules
656 1769 757 1830 22221,
774 1762 824 1839 221
840 1762 984 1823 rationem
1000 1764 1062 1823 eius

103 1862 138 1904 22
161 1843 315 1907 habituros
335 1840 497 1927 negabant3
523 1842 576 1903 sed
599 1844 706 1927 etipse
731 1846 894 1907 constantia
913 1846 1095 1926 inceptume

100 1927 247 1998 21112211,
262 1935 291 1988 21
306 1926 418 1991 tribuni
433 1928 513 1993 omui
531 1927 571 1996 ri,
587 1927 782 2006 reciperaturi
799 1930 845 1991 122
860 1928 1063 1994 consularibus

98 2012 230 2073 comitiis
245 2012 399 2091 amissum,
414 2009 601 2080 adiuverunt,
619 2016 650 2070 et
666 2028 734 2071 cum
751 2012 842 2095 ipsius
856 2013 912 2073 viri
924 2013 1062 2074 maiestas

100 2093 215 2157 nullius
229 2094 353 2157 honoris
367 2093 515 2171 fastigium
531 2111 592 2155 non
606 2092 762 2177 22222121,
773 2102 836 2159 tum
852 2113 907 2175 per
925 2094 1060 2163 eundem,

98 2180 154 2257 221
170 2177 207 2238 ad
224 2176 398 2241 dictaturam
416 2177 580 2256 aperuisset
601 2179 691 2246 21222,
713 2196 869 2242 censuram
890 2194 1007 2257 quoque
1030 2177 1062 2236 in

101 2268 220 2340 partem
234 2262 335 2325 vocari
348 2259 450 2340 plebes
464 2258 588 2323 volebat
618 2278 673 2321 nec
694 2262 836 2327 variatum
859 2260 984 2322 comitiis
1007 2263 1102 2330 22111

101 2345 174 2423 quin
190 2362 259 2406 cum
275 2343 383 2413 llaulio
400 2345 500 2408 Gnaeo
514 2362 620 2406 censor
638 2344 765 2411 Marcius
779 2351 940 2409 crearetur.

165 2427 348 2490 dictatorem
364 2445 480 2507 quoque
494 2427 543 2499 hic
558 2443 653 2492 annus
667 2426 771 2491 habuit
786 2429 824 2489 ll.
840 2427 963 2491 Fabium
980 2424 1061 2487 nullo

99 2518 220 2571 terrore
237 2509 325 2581 hessi,-
336 2511 388 2573 sed
405 2528 444 2571 ne
458 2511 569 2571 Licinia
589 2509 637 2571 lex
652 2511 777 2575 comitiis
792 2509 994 2571 consularibus
1009 2507 1061 2569 ob·

98 2602 281 2655 servaretur.
311 2595 450 2671 magister
467 2594 598 2673 equitum
621 2591 756 2651 dictatori
777 2590 893 2651 additus
910 2591 944 2661 Q.
964 2591 1060 2651 Servi·
1072 2596 1100 2649 11

100 2675 169 2738 lius.
205 2695 263 2753 nec
283 2686 381 2742 12111221
402 2677 546 2738 dictatura
570 2673 767 2754 potentiorem
790 2691 858 2737 cum
884 2692 1061 2738 consensum

100 2767 222 2840 patrum
240 2759 444 2825 consularibus
459 2759 584 2821 comitiis
599 2757 683 2829 12211,
699 2777 787 2839 quam
800 2761 944 2823 censoriis
955 2758 1061 2821 fuerat.

99 2841 205 2905 XXIII.
240 2842 278 2906 u.
294 2843 423 2924 Popifius
437 2843 550 2905 Laenas
566 2861 582 2903 a
604 2841 691 2927 plebe
708 2841 824 2913 consul,
847 2862 864 2904 2
880 2841 1061 2924 2212111221.
1078 2849 1093 2898 1

100 2924 259 2990 Cornelius
274 2927 372 3007 Scipio
388 2927 483 2991 datus.
516 2926 634 2987 fortuna
650 2945 766 3008 222222
783 2926 984 2989 inlustriorem
998 2925 1061 3007 ple·

100 3010 205 3071 belum
220 3009 372 3072 consulem
386 3011 554 3077 iecitzuaru
569 3028 636 3072 cum
650 3011 801 3089 ingentem
817 3009 966 3072 Gallorum
978 3025 1063 3069 exer·
1077 3015 1095 3065 2

101 3096 196 3154 citum
223 3095 254 3153 in
285 3111 356 3172 egro
379 3093 484 3155 Latino
509 3101 604 3154 castra
628 3095 760 3174 posuisse
786 3094 952 3157 nuntiatum
976 3098 1062 3160 esset,

101 3177 244 3255 Scipione
266 3178 348 3257 gravi
366 3175 472 3239 morbo
491 3175 623 3254 inplicito
645 3174 788 3238 Gallicum
813 3175 924 3237 bellum
948 3173 1061 3255 Popilio

99 3267 188 3320 extra
204 3259 340 3322 ordinem
360 3260 469 3323 datum.
501 3260 528 3320 is
548 3261 665 3338 inpigre
690 3261 822 3320 exercitu
844 3259 965 3339 scripto,
992 3263 1092 3320 22223

100 3343 201 3405 omnis
217 3351 299 3404 extra
317 3352 433 3422 portem
448 3342 595 3421 Capenam
615 3342 651 3401 ad
665 3342 766 3403 Martis
786 3341 1063 3403 aedemconvenire

102 3433 236 3489 armatos
249 3427 381 3488 iuniores
400 3426 536 3488 iussisset·
552 3426 693 3504 signaque
715 3424 820 3486 eodem
842 3435 1013 3503 quaestores
1028 3438 1066 3483 ex
