2350 3922
81 272 87 283 ·
127 250 189 314 342
286 265 380 307 crena
393 263 483 305 xxm.
500 260 569 305 oar.
584 249 628 306 23.
644 251 687 303 24.
704 239 743 322 [e.
755 264 786 304 u.
801 265 827 304 c.
839 239 901 337 aas]

100 419 114 472 l
187 410 290 474 Xlllll.
322 411 452 474 Dictator
473 410 525 471 ubi
548 429 615 472 cum
636 409 790 471 lictoribus
810 411 840 469 in
863 417 960 471 rostra
985 425 1083 468 escen·

129 495 185 566 dit,
202 513 299 576 neque
314 496 388 556 duos
406 495 564 556 dictatores
578 502 712 575 tempore
733 511 807 564 uno,
829 492 909 573 quod
926 507 1083 572 numquam

100 586 214 641 nautea
227 579 338 642 factum
350 587 435 648 esset,
450 577 579 658 probare
596 596 629 640 se
642 578 729 648 dixit,
749 595 845 658 neque
863 577 1040 640 dictatorem
1054 593 1085 637 se

128 665 191 724 sine
206 665 347 743 magistro
365 664 495 742 equitum
511 680 566 723 nec
584 662 747 724 censoriam
762 663 820 722 rim
835 663 887 722 uni
903 664 1080 741 permissam,

129 755 159 808 et
176 748 272 809 eidem
292 749 416 825 iterum,
434 763 500 821 nec
517 746 654 810 dictatori
678 746 736 807 nisi
762 746 807 806 rei
826 745 976 825 gerendae
1002 763 1081 809 causa

104 839 231 894 ocreato
247 833 279 892 in
294 849 345 893 sex
358 830 590 892 menses'datum
609 831 776 910 imperium.
811 847 886 909 quae
905 829 1082 892 inmoderata

129 916 207 987 iors,
223 923 388 995 tempusue
404 914 563 976 necessitas
582 914 701 985 iecerit,
723 914 769 975 his
788 930 821 973 se
840 913 962 974 modum
979 915 1082 994 inposi-

128 1007 239 1061 turum.
278 1018 346 1061 nam
368 1016 465 1079 neque
487 1005 591 1060 senatu
614 1015 791 1078 quemquam
811 1007 962 1059 moturum
985 1018 1021 1060 ex
1042 1000 1074 1057 iis

130 1101 203 1163 quos
218 1083 250 1146 C.
266 1082 427 1145 Flaminius
442 1082 474 1143 L.
489 1080 631 1143 Aemilius
646 1099 785 1143 censores
798 1083 831 1142 in
847 1088 983 1143 senatum
1002 1082 1082 1160 legis·

101 1174 209 1236 4seut;
225 1165 384 1228 transcribi
398 1171 512 1229 tanturn
522 1166 700 1245 recitarique
711 1184 762 1228 eos
771 1166 929 1236 iussurum,
947 1183 985 1226 ne
1000 1183 1083 1245 penes

130 1269 222 1312 unum
234 1249 385 1312 hominem
399 1248 540 1311 iudicium
548 1248 762 1329 arbitriumque
770 1249 808 1310 de
821 1248 900 1309 lama
912 1264 946 1311 ac
960 1249 1085 1311 moribus

130 1335 275 1395 senatoris
285 1334 390 1402 inerit:
403 1341 433 1395 et
442 1334 483 1396 ita
491 1334 523 1394 in
534 1333 758 1395 demortuorum
769 1331 867 1395 locum
879 1332 1084 1404 sublecturum,

101 1427 160 1480 aut
175 1417 249 1479 ordo
265 1417 371 1490 ordini,
389 1435 448 1479 non
463 1418 553 1479 bomo
568 1418 681 1480 homini
694 1415 842 1498 praelatus
856 1418 1016 1480 videretur.
1043 1435 1086 1478 re·

131 1504 219 1565 citato
233 1511 333 1564 vetere
348 1510 466 1577 senatu,
491 1502 561 1562 inde
576 1503 689 1580 primos
709 1502 741 1561 in
756 1501 979 1565 demortuorum
995 1502 1086 1564 locum

130 1586 210 1665 legit,
227 1589 277 1666 qui
288 1593 355 1666 post
365 1587 397 1647 L.
406 1584 602 1649 AemiliumC.
614 1585 790 1649 Flaminium
804 1602 944 1648 censores
958 1585 1086 1648 curulem

130 1672 334 1748 magistratum
352 1671 501 1750 cepissent
514 1668 642 1731 necdum
655 1671 688 1730 in
702 1676 837 1732 senatum
848 1668 918 1731 lecti
933 1678 1045 1740 essent,
1060 1676 1089 1729 ut

102 1755 254 1835 equisque
277 1772 379 1816 eorum
401 1751 550 1835 [senatus]
572 1756 687 1833 primus
704 1760 821 1815 creatus
844 1761 923 1824 erat;
945 1761 1010 1816 turn
1024 1752 1089 1831 legit

131 1839 182 1917 qui
202 1837 326 1908 aediles,
343 1838 456 1898 tribuni
476 1837 570 1918 plebis
592 1844 797 1918 quaestoresve
819 1837 951 1909 iuerant;
973 1845 1088 1900 tumor

130 1922 180 1990 iis,
203 1922 254 1999 qui
264 1924 452 1999 magistratus
463 1925 591 1983 minem
607 1923 768 2001 cepissent,
791 1924 842 2002 qui
853 1921 948 2000 spolia
962 1920 1088 1985 exhostc

103 2003 189 2065 elixa
206 2003 286 2066 domi
305 2004 451 2065 haberent
463 2013 514 2066 aut
526 2006 649 2067 civicam
670 2023 810 2067 coronam
826 2007 1019 2084 accepissent.
1055 2007 1089 2065 ita

132 2094 251 2150 centum
267 2089 450 2168 septuaginta
465 2097 579 2169 septem
595 2105 661 2164 curn
680 2090 795 2168 ingenti
810 2089 1025 2168 adprobatione
1041 2090 1089 2151 ho·

130 2174 244 2233 minum
260 2175 291 2233 in
302 2181 436 2234 senatum
452 2171 535 2233 lectis
550 2172 697 2253 extemplo
709 2191 742 2234 se
752 2175 927 2252 magistratu
939 2173 1088 2240 abdicarit

132 2257 320 2336 privatusque
344 2256 381 2317 de
407 2257 512 2317 rostris
537 2255 690 2318 deseendit
714 2255 867 2318 lictoribus
882 2256 975 2337 abire
999 2258 1088 2325 iussis,

104 2346 121 2397 8
133 2338 296 2420 turbaeque
310 2359 342 2401 se
357 2342 507 2402 inmiscuit
522 2340 650 2419 privatas
661 2341 810 2419 agentium
825 2359 892 2410 res,
907 2348 1027 2423 tempus
1041 2342 1090 2402 hoc

132 2422 234 2485 sedulo
250 2432 366 2494 terens,
384 2442 423 2485 ue
445 2422 611 2485 deducendi
635 2426 681 2485 sui
702 2442 789 2487 causa
811 2423 952 2505 populum
978 2424 1017 2486 de
1033 2426 1089 2486 iore

132 2505 306 2569 abduceret:
322 2525 419 2587 neque
437 2514 539 2571 tamen
554 2507 685 2586 elanguit
696 2526 766 2569 cura
782 2507 936 2571 hominum
950 2527 986 2570 ea
1004 2525 1088 2576 mora,

104 2589 360 2672 eirequentesque
378 2611 444 2653 eum
463 2593 583 2653 domurn
602 2591 795 2655 deduxerunt.
832 2592 935 2654 consul
950 2601 1039 2654 nocte
1052 2595 1088 2652 in·

132 2677 267 2753 sequenti
282 2676 319 2736 ad
333 2678 499 2739 exercitum
513 2675 591 2737 redit
606 2694 666 2737 non
683 2676 761 2738 iacto
782 2678 909 2738 certiore
923 2685 1043 2747 senato,
1058 2691 1089 2736 ne

134 2759 319 2820 comitiorum
336 2778 423 2823 causa
438 2762 472 2821 in
487 2759 564 2820 urbe
577 2762 767 2822 retineretur.
890 2818 893 2819 γ

108 2849 120 2898 1
197 2841 296 2904 XXIV.
325 2843 448 2905 Postero
464 2844 512 2904 die
528 2844 679 2906 consultus
694 2864 710 2905 a
726 2845 763 2906 Μ.
777 2845 941 2924 Pomponio
958 2853 1088 2925 praetore

134 2932 253 2988 senatus
268 2925 398 2987 decrevit
410 2928 546 2989 dictatori
563 2928 768 2997 scribendum,
785 2929 841 2998 uti,
859 2930 884 2988 si
901 2947 917 2988 e
933 2927 1087 3008 republica

135 3020 270 3073 censeret
286 3026 365 3079 esse,
383 3010 418 3071 ad
435 3010 570 3089 consules
585 3010 789 3090 subrogandos
806 3013 922 3073 ¹reniret
943 3030 1010 3074 cum
1034 3027 1086 3071 ma·

107 3096 228 3173 agistro
247 3094 377 3173 equitum
390 3101 420 3154 et
430 3103 567 3174 praetore
583 3096 621 3157 Μ.
637 3094 791 3164 Marcello,
807 3104 840 3156 ut
855 3097 943 3157 exiis
957 3109 1085 3175 praesen·

135 3177 214 3237 tibus
227 3195 352 3237 noscere
367 3185 467 3257 patres
482 3187 617 3260 possent,
644 3198 702 3259 quo
719 3188 794 3241 statu
814 3177 994 3260 respublica
1010 3183 1084 3242 esset

128 3265 311 3343 consiliaque
333 3281 369 3324 ex
389 3265 481 3324 rebus
501 3271 654 3343 caperent.
692 3266 745 3342 qui
767 3264 856 3324 acciti
872 3270 971 3333 erant,
995 3277 1087 3324 omnes

100 3352 273 3404 evenerunt
287 3344 402 3405 relictis
415 3347 530 3424 legatis,
547 3348 598 3426 qui
613 3347 783 3425 legionibus
796 3356 978 3426 praeessent.
1004 3346 1086 3406 dicta·

128 3432 176 3483 tor
191 3424 227 3483 de
243 3443 274 3484 se
289 3445 383 3504 pauca
399 3447 433 3490 ac
452 3430 569 3491 modice
585 3431 702 3492 locutus
721 3434 753 3493 in
768 3432 943 3510 magistrum
963 3432 1089 3510 equitum

116 3505 175 3563 Ti.
192 3506 402 3585 Sempronium
417 3512 584 3575 Gracchum
606 3532 745 3593 magnam
764 3525 880 3595 partem
902 3517 1016 3595 gloriae
1030 3528 1088 3572 ver·
