2396 3920
269 255 367 297 nunna
381 255 437 297 rar.
455 253 523 297 car.
540 244 581 297 ll.
598 233 637 318 [a.
654 237 689 301 0.
707 245 767 300 aci.
781 238 843 320 360]
999 246 1036 307 ll

132 403 180 466 lli.
204 403 245 464 Et
261 401 386 464 hercule
401 402 475 462 tanti
492 420 526 463 ea
544 403 580 463 ad
595 403 725 464 universi
739 401 808 464 belli
822 414 958 468 eventum
974 424 1036 467 mo·
1054 415 1067 466 i

76 489 160 550 menti
175 487 332 547 dimicatio
349 485 415 556 luit,
431 493 463 546 ut
477 484 629 548 Gallorum
643 488 788 548 exercitus
802 491 935 566 proxima
950 498 1037 551 noete

73 571 183 634 relictis
196 569 315 648 trepide
334 569 437 630 castris
452 571 483 628 in
497 569 653 631 Tiburtem
672 587 776 649 agrum
794 580 881 652 atque
894 573 973 645 inde,
989 591 1036 634 so·

71 657 177 717 cietaie
194 653 269 714 belli
284 653 361 715 lacta
372 660 596 733 commeatuque
607 653 735 732 benigue
750 652 787 714 ab
798 654 970 718 Tiburtibus
985 656 1036 718 ad·

69 743 163 809 intus,
180 755 253 799 mox
267 737 299 800 ln
321 735 509 815 Campaniam
526 738 684 798 transierit.
729 756 763 798 ea
781 738 837 800 luit
859 758 960 811 causa,
984 753 1067 801 curn

67 824 209 904 proximo
231 837 311 881 anno
332 819 366 882 c
387 819 534 881 Poetelius
549 819 658 886 Balbus
678 820 793 892 consul,
815 840 882 883 cum
906 823 1035 900 collegae

6 904 8 911 “
67 909 133 967 eius
146 906 189 966 bl.
202 902 296 965 Fabio
309 902 452 964 Ambusto
462 902 582 965 Hernici
595 906 747 983 provincia
763 906 915 976 evenisset,
933 905 1035 966 adver·

67 1008 119 1050 sus
134 986 279 1055 Tiburtes
292 988 374 1048 iussu
388 986 489 1066 populi
505 989 666 1050 exercitum
687 987 818 1051 duceret.
852 990 889 1051 ad
910 1001 1068 1068 quorumn
1191 1004 1192 1073 j

6 1108 7 1115 κ
69 1071 214 1134 auxilium
234 1088 303 1132 cum
320 1070 396 1133 Galli
415 1088 451 1132 ex
466 1070 624 1151 Campania
643 1072 803 1145 redissent,
822 1072 925 1134 foedae
940 1091 1034 1152 popu·

68 1156 196 1217 lotiones
216 1156 251 1214 in
270 1152 416 1215 Labicano
431 1153 657 1236 Tusculanoque
675 1162 705 1217 et
725 1155 839 1217 Albano
863 1174 935 1236 agro
957 1157 1035 1218 baud

70 1238 162 1301 dubie
183 1236 356 1299 Tiburtibus
376 1236 500 1298 ducibus
520 1246 590 1300 sunt
608 1238 718 1309 iactam
741 1246 783 1312 et,
807 1258 874 1302 cum
895 1239 1067 1303 adversust

70 1323 226 1384 Tiburtem
240 1321 355 1383 bostem
370 1319 445 1382 duce
458 1321 579 1383 consule
602 1330 739 1384 contenta
755 1340 804 1385 res
816 1323 934 1404 publico
948 1333 1034 1393 esset,

72 1405 202 1466 Gallicus
212 1403 352 1466 tumultus
365 1404 540 1467 dictatorem
556 1407 653 1466 creari
663 1408 768 1484 coegit.
789 1417 906 1469 creatus
917 1408 951 1479 Q.
965 1407 1033 1469 Ser·

73 1489 163 1548 vilius
178 1487 265 1547 lbala
277 1489 311 1549 T.
330 1487 498 1560 Quinctium
514 1489 688 1564 magistrum
703 1490 835 1568 equitum
849 1490 936 1558 dixit,
954 1498 983 1550 et
998 1508 1035 1550 ex

6 1574 8 1577 ’
77 1570 251 1632 auctoritate
260 1578 386 1650 patrum,
402 1571 427 1631 si
442 1588 586 1650 prospere
600 1570 631 1630 id
646 1568 756 1631 bobum
774 1573 932 1641 evenisset,
950 1570 1034 1632 ludos

74 1670 200 1732 magnos
216 1656 296 1716 rorit.
333 1654 472 1725 dictator,
491 1654 528 1715 ad
543 1653 735 1715 continendos
748 1655 871 1735 proprio
890 1652 969 1714 bello
985 1654 1034 1716 Ti·
1050 1655 1066 1706 b

69 1738 169 1799 turns
191 1737 339 1799 consulari
356 1738 490 1799 exercitu
508 1738 587 1799 iusso
607 1755 743 1809 manere,
768 1755 872 1799 omues
891 1739 1032 1808 iuniores,

70 1820 154 1883 ouillo
169 1819 349 1882 detractante
366 1819 516 1892 militiam,
531 1830 716 1883 sacramento
735 1822 842 1901 adegit.
872 1831 1034 1902 pugnatum
1049 1825 1066 1876 6

67 1904 151 1966 baud
166 1903 270 1984 proetrl
289 1911 374 1985 porta
391 1903 502 1966 Collina
519 1913 563 1966 est
581 1906 670 1965 totius
684 1904 798 1969 viribus
815 1905 897 1967 urbis
914 1908 946 1968 in
964 1924 1033 1967 eon·

65 1997 174 2069 spectu
187 1995 345 2067 pareutum
361 1989 577 2068 coniugumque
591 2007 625 2049 ae
639 1987 814 2059 liberorum,
836 2008 912 2070 quae
927 2007 1033 2067 magua

60 2074 161 2133 etiam
181 2070 353 2133 absentibus
376 2071 562 2133 hortamenta
585 2074 675 2132 animi
695 2082 757 2134 tum
783 2072 915 2134 subiecta
941 2071 1034 2133 oculis

66 2155 159 2217 simul
181 2155 358 2216 uerecundia
385 2155 646 2234 misericordiaque
672 2155 796 2217 militem
823 2154 1032 2217 accendebant.

66 2256 178 2318 magua
192 2240 342 2318 utrimque
358 2237 435 2298 edita
449 2239 539 2299 caede
553 2241 693 2300 avertitur
710 2240 829 2300 taudem
843 2241 921 2300 acies
936 2236 1032 2299 Gallo·
1049 2243 1063 2290 7

66 2340 147 2384 mun.
178 2323 247 2401 luge
262 2320 355 2383 Tibur
368 2323 444 2384 sicut
458 2339 556 2383 arcem
570 2322 641 2383 belli
657 2321 760 2386 Gallici
773 2330 892 2403 petunt3
914 2320 1033 2402 palatia

65 2405 193 2467 consule
207 2403 340 2467 Poetelio
359 2404 437 2465 baud
456 2405 561 2484 procul
575 2405 685 2467 Tibure
708 2409 836 2487 excepti,
853 2406 981 2484 egressis
997 2403 1033 2465 ad

66 2507 159 2569 opem
170 2488 324 2551 serendam
336 2486 517 2559 Tiburtibus,
529 2489 616 2550 simul
628 2507 696 2550 cum
706 2490 742 2551 iis
752 2492 830 2550 intra
845 2497 946 2568 portas
963 2505 1034 2549 con·

65 2571 231 2654 pelluntur.
267 2573 386 2651 egregie
406 2590 473 2633 cum
495 2571 532 2633 ab
550 2572 693 2632 dictatore
714 2578 777 2633 tum
791 2571 828 2633 ab
846 2570 967 2632 consule
984 2574 1066 2628 ress

66 2663 153 2735 gesta
175 2664 229 2717 est.
265 2663 295 2717 et
309 2653 412 2716 consul
429 2655 503 2715 alter
518 2652 626 2715 Fabius
645 2651 765 2733 proellis
779 2655 907 2732 primum
924 2653 1032 2730 parvis,

66 2747 296 2821 postremo’una
303 2740 416 2818 insigni
431 2755 538 2818 pugna,
551 2755 618 2799 cum
633 2736 733 2799 hostes
747 2738 817 2800 totis
830 2736 926 2799 adorti
942 2737 1034 2815 copiis

65 2823 335 2894 essent‘Heruicos
352 2823 489 2884 deducit.
514 2821 638 2884 dictator
653 2821 822 2884 consulibus
836 2824 867 2883 in
884 2828 990 2884 senatu
1004 2829 1035 2882 et
1048 2824 1065 2877 9

66 2906 148 2986 apud
162 2904 306 2985 populum
315 2905 471 2985 magnifice
483 2904 665 2967 conlaudatis
680 2914 710 2966 et
722 2924 842 2968 suerum
853 2923 970 2986 quoque
985 2923 1033 2965 re·

6 3016 7 3021 ¹
65 3007 137 3050 rum
152 2987 210 3049 illis
223 2991 350 3066 rembso
363 2990 478 3050 honore
495 2988 638 3050 dictatura
653 3007 686 3050 se
701 2988 854 3051 abdicarit.
884 2987 1034 3051 Poetelius

64 3072 106 3133 de
123 3071 219 3144 Gallis
230 3071 460 3153 Tiburtibusque
480 3073 630 3151 geminum
646 3074 828 3152 triumphum
851 3073 924 3150 egit,
941 3069 1033 3131 Fabio

6 3192 8 3197 ·
65 3157 140 3218 satis
153 3158 305 3229 insumul
320 3173 410 3217 orans
423 3154 527 3217 urbem
542 3157 640 3217 iniret.

6 3252 8 3267 ¹
128 3240 264 3302 Inridere
284 3237 397 3302 Poeteli
415 3238 597 3318 triumphum
616 3238 769 3301 Tiburtest
789 3236 841 3298 ubi
862 3237 942 3297 enim
963 3252 1030 3296 eum
1043 3239 1075 3290 to

6 3368 8 3399 ;
65 3342 170 3385 secum
186 3325 248 3385 acie
265 3320 452 3384 conflixisset
476 3331 658 3402 spectatores
674 3340 786 3402 paucos
802 3321 888 3399 fugae
903 3319 1033 3399 trepida-

6 3410 8 3441 *
66 3409 217 3487 tionisquc
229 3405 382 3469 Gallorum
402 3414 483 3467 extra
500 3413 601 3485 portas
618 3422 765 3483 egressos,
786 3411 942 3484 postquam
958 3404 988 3461 in
1001 3419 1034 3460 se

65 3509 187 3570 quoque
206 3491 273 3551 lieri
292 3490 435 3567 impetum
455 3488 581 3549 viderint
606 3495 636 3549 et
655 3487 720 3546 sine
743 3486 913 3548 discrimine
933 3483 1034 3545 ebrios
