2396 3920
145 190 186 257 46
293 204 388 245 arene
402 204 458 246 vn.
474 202 543 247 car.
557 191 601 243 41.
617 192 660 242 42.
678 180 717 264 [a.
732 207 764 246 u,
780 206 806 246 ο,
820 191 879 242 tlt.
893 184 955 266 413]
1050 212 1055 215 .
1126 186 1133 197 ·

113 350 255 412 obraret.
292 349 341 410 lex
367 368 484 432 quoque
506 361 620 413 sacrata
640 349 774 413 militaris
794 350 853 412 lata
874 359 933 422 est,
958 370 996 413 ne
1023 354 1108 415 cuius

144 434 244 497 militis
257 435 361 514 scripti
370 452 479 497 nomen
495 436 554 496 nisi
564 437 629 515 ipso
645 432 761 496 volente
778 434 941 504 deleretur;
959 435 1107 499 additum-

145 536 203 599 que
225 516 299 597 legi,
320 537 359 579 ne
383 520 463 598 quis,
484 517 536 580 ubi
557 518 693 581 tribunus
713 517 840 583 militum
860 514 978 599 luisset,
1003 528 1109 600 postea

113 611 129 660 a
144 601 282 664 ordinum
297 602 402 665 ductor
419 612 505 663 esset.
533 602 563 663 id
578 610 701 682 propter
715 603 747 665 P.
764 601 916 664 Salonium
927 604 1107 683 postulatum

144 692 189 749 est
201 685 236 749 ab
250 688 419 759 coniuratis,
436 688 486 766 qui
500 685 621 747 alternis
635 705 730 766 prope
742 688 867 748 anniset
881 687 1017 751 tribuum
1028 689 1108 751 mili-

144 782 206 833 tum
221 778 252 831 et
265 771 379 851 primus
394 771 527 832 centurio
544 777 622 841 erat,
638 789 725 850 quem
740 788 820 832 nunc
831 772 921 850 primi
936 771 987 849 pili
1005 774 1108 853 appel·

112 855 213 917 olant.
247 855 317 916 lruic
334 855 444 916 intensi
458 854 566 916 milites
584 862 685 928 erant,
705 854 785 936 quod
804 873 922 935 semper
936 856 1109 921 adversatus

144 941 226 1000 noris
242 938 372 1001 consiliis
390 939 506 1011 luisset,
524 947 568 1010 et,
584 957 622 999 ne
633 940 781 1019 particeps
798 958 905 1006 eorum,
918 946 1007 1010 esset,
1025 938 1106 1024 [qui]

110 1033 126 1082 ‘t
142 1024 177 1086 ab
194 1023 324 1086 Lautulis
338 1023 470 1102 fugisset.
491 1025 590 1103 itaque
606 1042 674 1084 cum
698 1023 754 1083 hoc
770 1041 862 1085 unum
875 1031 999 1104 propter
1016 1025 1103 1086 Salo·

144 1111 225 1169 nium
239 1107 275 1169 ab
289 1115 392 1169 senatu
405 1126 464 1169 non
478 1108 703 1188 impetraretur,
718 1115 779 1170 tum
796 1106 933 1170 Salonius
944 1107 1108 1170 obtestatus

143 1199 242 1273 patres
254 1194 454 1271 conscriptos,
469 1208 507 1253 ne
521 1210 607 1253 suum
618 1192 762 1253 honorem
774 1191 867 1271 pluris
879 1210 967 1272 quam
979 1210 1107 1254 concor-

144 1278 222 1339 diam
239 1277 361 1339 civitatis
375 1278 573 1347 aestimarent,
589 1274 727 1355 perpulit,
742 1284 775 1337 ut
787 1274 818 1336 id
831 1294 949 1356 quoque
964 1275 1107 1338 ierretur.

113 1368 237 1440 eaeque
259 1362 396 1439 inpotens
414 1358 592 1440 postulatum
615 1359 683 1432 init,
704 1367 739 1421 ut
759 1360 795 1421 de
809 1359 956 1443 stipendio
974 1361 1107 1441 equitum

146 1480 181 1491 -
197 1444 352 1506 merebant
362 1454 460 1506 autem
472 1444 580 1524 triplex
586 1462 620 1505 ea
631 1450 804 1523 tempestate
817 1479 854 1489 -
868 1461 937 1506 aera
949 1443 1107 1520 demeren-⁴

145 1540 206 1602 tur,
222 1529 301 1610 quod
315 1529 459 1592 adversati
476 1528 671 1591 coniurationi
683 1528 816 1589 luissent.

112 1620 126 1673 1
203 1614 289 1675 XLII.
319 1611 886 1691 Praeterhaecinvenioapudquosdam
899 1609 1107 1674 L.Genucium

144 1697 296 1757 tribunum
312 1696 407 1775 plebis
421 1695 521 1757 tulisse
543 1694 579 1756 ad
599 1693 732 1773 plebem,
753 1713 791 1758 ne
814 1697 967 1757 faenerare
985 1694 1106 1766 liceret;
1189 1741 1190 1770 ,

111 1789 127 1839 2
142 1783 213 1840 item
225 1779 288 1839 aliis
304 1779 383 1857 plebi
398 1780 479 1840 scitis
490 1786 621 1848 cautum,
635 1796 672 1838 ne
683 1779 749 1858 quis
760 1780 887 1842 eundem
900 1779 1107 1858 magistratum
1189 1783 1190 1840 l

143 1866 221 1922 intra
245 1862 348 1925 decem
371 1881 465 1923 annos
486 1869 618 1941 caperet,
643 1880 701 1923 neu
733 1860 818 1928 duos'
833 1864 1021 1942 magistratus
1046 1883 1108 1925 uno

144 1964 221 2008 anno
252 1955 386 2025 gereret,
415 1947 515 2026 utique
544 1945 648 2007 liceret
672 1947 808 2008 consules
842 1946 945 2009 ambos
971 1947 1107 2026 plebeios
1189 1983 1190 1986 =

143 2032 249 2092 creari.
280 2032 395 2111 quaesi
414 2031 512 2093 omnia
530 2048 670 2093 concessa
685 2040 754 2092 sunt
773 2031 867 2110 plebi,
891 2039 1013 2112 apparet
1026 2031 1107 2093 haud
1190 2024 1191 2035 ’

111 2121 248 2195 aparvas
263 2118 341 2177 vires
358 2114 553 2177 deiectionem
576 2114 722 2179 habuere.
754 2114 818 2177 aliis
835 2115 990 2177 annalibus
1004 2115 1107 2194 prodi·
1189 2133 1190 2160 t

143 2210 206 2263 tum
225 2208 270 2263 est
286 2218 381 2279 neque
398 2198 570 2261 dictatorem
587 2198 735 2261 Valerium
751 2200 875 2269 dictum,
893 2199 945 2261 sed
958 2214 1013 2279 per
1034 2218 1106 2261 con·
1190 2250 1191 2267 ,

143 2284 222 2347 sules
240 2302 361 2346 omnem
375 2301 439 2344 rem
464 2291 575 2354 actam,
600 2301 696 2363 neque
711 2292 868 2365 antequam
883 2285 1008 2347 Romam
1024 2285 1105 2344 reni-
1190 2278 1191 2305 ¹

142 2377 240 2440 retur,
256 2369 308 2430 sed
323 2368 435 2430 Romae
446 2387 511 2429 eam
528 2366 722 2429 multudinem
738 2370 959 2430 coniuratorum
971 2368 1007 2429 ad
1023 2386 1107 2430 arma
1190 2436 1191 2439 Ἴ

110 2461 127 2509 4
143 2460 363 2515 consternatam
379 2470 459 2524 esse,
478 2470 532 2513 nec
552 2452 583 2513 in
601 2452 635 2512 T.
655 2451 773 2524 Quincti
795 2452 893 2515 villam
908 2452 960 2513 sed
976 2454 1008 2512 in
1024 2451 1106 2525 aedis
1177 2459 1178 2462 ’

143 2538 174 2600 C.
188 2537 279 2599 Manli
294 2545 382 2598 nocte
396 2537 539 2616 impetum
550 2535 675 2608 iactum,
692 2555 819 2616 eumque
831 2555 848 2598 a
859 2538 1019 2601 coniuratis
1033 2554 1105 2597 oon·
1169 2580 1175 2591 .
1190 2554 1191 2585 t

142 2621 337 2702 prehensum,
353 2630 386 2684 ut
406 2621 465 2683 dux
479 2622 577 2691 lieret,
600 2620 670 2682 inde
687 2620 725 2681 ad
739 2628 877 2700 quartum
892 2619 1018 2700 lapidem
1033 2638 1104 2699 pro·
1190 2624 1191 2649 t

110 2711 127 2762 o
143 2706 237 2765 lectos
251 2704 317 2766 ioco
332 2707 448 2767 munito
460 2705 643 2774 consedisse;
661 2722 717 2769 nec
728 2703 765 2765 ah
783 2703 906 2766 ducibus
921 2704 1105 2765 mentionem

143 2787 320 2848 concordiae
347 2797 457 2857 ortam,
488 2787 540 2848 sed
561 2795 701 2867 repente,
725 2806 792 2849 curn
812 2789 844 2848 in
874 2789 968 2849 aciem
998 2788 1105 2848 armati

110 2879 127 2928 o
143 2871 291 2933 exercitus
301 2872 529 2950 processissent,
545 2871 748 2933 salutationem
764 2872 885 2944 iactam,
902 2879 931 2932 ct
940 2872 1105 2950 permixtos
1127 2936 1129 2939 ,

118 2953 121 2960 '
144 2955 263 3016 dextras
280 2955 404 3033 iungere
425 2973 461 3016 ec
480 2952 625 3036 conplecti
641 2956 718 3017 inter
738 2973 771 3017 se
785 2955 973 3017 lacrimantes
994 2953 1104 3015 milites

143 3040 293 3121 coepisse,
322 3046 499 3120 coactosque
523 3037 674 3110 consules,
703 3057 771 3101 cum
792 3039 927 3100 viderent
947 3057 1066 3101 aversos
1086 3056 1102 3100 a

144 3124 332 3187 dimicatione
342 3122 468 3185 militum
480 3125 601 3195 animoa,
613 3122 761 3185 rettulisse
773 3123 808 3184 ad
816 3133 916 3200 patres
927 3123 966 3184 'de
979 3140 1103 3184 concor·

105 3217 125 3261 a
144 3208 190 3267 dia
217 3207 446 3270 reconcilianda.
493 3208 566 3269 adeo
592 3205 666 3268 nilril
692 3215 899 3287 praeterquam
928 3208 1103 3268 seditionem

143 3290 235 3349 luisse
259 3310 382 3371 eamque
404 3293 585 3371 conpositam
606 3293 684 3351 inter
699 3292 834 3370 antiquos
851 3308 951 3352 rerum
968 3298 1103 3352 auctores

111 3377 127 3425 8
143 3377 269 3432 constat.
281 3374 370 3435 -Et
382 3375 469 3436 huius
481 3375 558 3436 fama
570 3374 722 3436 seditionis
728 3383 758 3434 et
764 3382 932 3455 sarsceptum
939 3393 1006 3436 cum
1018 3374 1102 3435 Sam·

146 3451 256 3513 uiribus
271 3471 358 3531 grave
374 3455 483 3517 bellum
499 3457 610 3537 aliquot
624 3456 748 3537 populos
764 3456 800 3517 ah
816 3457 948 3521 llomana
962 3459 1103 3519 societate
