2280 3926
287 208 380 252 mnne
395 209 438 252 11.
456 210 525 254 ose.
541 198 582 249 43.
600 188 640 272 [e.
657 194 691 256 O.
710 190 772 274 306]
931 200 992 262 143

63 355 194 417 comaclim
208 375 287 421 arma
300 376 409 439 capere
427 358 514 420 iussis
534 358 701 439 raptimque
723 359 836 422 eductis
850 362 882 424 in
899 363 991 424 aciem

64 437 180 505 militibus
192 448 384 523 ususversam
399 443 528 505 hostium
543 442 636 504 aciem
655 450 742 522 atque
755 444 813 510 alio
831 449 991 511 certamine

64 531 208 602 occupatam
222 526 344 598 invadit,
365 526 518 589 clamitans
539 543 686 589 summum
707 527 849 606 flagitium
867 529 946 602 iore,
964 533 990 593 si
1001 537 1034 590 14

62 604 163 670 dmum
173 612 332 673 crerobum
351 611 503 690 utriusque
524 612 662 673 victoriae
684 612 841 692 conpotem
860 615 992 677 sinerent

61 689 214 754 ierinccad
226 712 260 756 se
281 694 327 756 sui
350 693 421 759 beili
441 694 624 757 vindicarent
639 695 738 757 decus.
776 715 834 776 que
847 699 989 778 impetum
1001 706 1032 761 lo

59 771 158 837 dederat
165 781 338 860 perrumpit,
350 781 502 858 aciemque
512 778 700 859 permediam
711 781 742 845 in
754 787 851 843 castra
861 781 990 849 hostium

60 859 131 920 ¹'ondit
143 869 172 922 et
190 880 278 924 sacua
298 862 504 927 defensoribus
524 866 602 942 capit
624 872 711 945 atque
732 865 873 927 incendit.
914 883 989 945 qnae
1001 874 1034 928 lo

58 941 93 1003 tbi
112 943 258 1024 flagrantia
282 947 449 1013 Marcianus
471 946 558 1011 miles
587 950 739 1029 conspexit
761 956 791 1012 et
817 949 918 1013 hostes
944 968 991 1010 re-

14 1090 15 1093 ,
58 1041 168 1104 sperem,
192 1038 254 1093 tuna
273 1028 384 1112 passim
408 1031 477 1110 iuga
497 1040 604 1113 coepto
629 1034 803 1097 Samnitium
828 1034 909 1103 deri;
937 1032 991 1096 sed

58 1113 133 1173 anda
150 1112 261 1177 obtinet
286 1115 406 1186 caedes,
432 1117 534 1179 necin
549 1116 639 1180 ullam
660 1125 776 1198 partem
801 1125 897 1185 tutum
921 1136 990 1199 per·

56 1191 146 1272 logium
165 1207 217 1261 est.
252 1201 313 1262 iam
336 1200 454 1278 triginta
476 1199 595 1263 mibbus
618 1200 746 1265 bostium
763 1205 858 1269 caede
871 1204 988 1281 siguum
1000 1211 1031 1263 17

56 1283 164 1360 receptui
177 1284 315 1347 consules
327 1282 484 1355 dederant,
501 1284 735 1365 colligebantque
746 1288 880 1351 inunum
891 1288 990 1367 copias
1093 1326 1095 1331 ,

55 1363 153 1427 nucem
176 1368 255 1429 inter
280 1385 313 1429 se
338 1374 501 1446 gratantes,
536 1388 604 1430 cum
632 1377 755 1449 repente
780 1372 859 1432 sisae
886 1370 991 1451 procui

14 1458 15 1461 ’
52 1441 264 1513 bntiumnorae
285 1451 439 1524 cohortes,
462 1470 536 1533 quoe
555 1454 586 1514 in
606 1451 846 1533 supplementum
861 1455 990 1532 scriptae

51 1526 159 1606 nerent,
173 1536 362 1616 integravere
375 1535 507 1599 caedem.
535 1537 567 1596 io
581 1555 654 1616 quas
667 1553 724 1597 nec
740 1536 821 1599 iussu
835 1535 990 1603 consulum
999 1544 1033 1597 le

51 1628 93 1674 nec
105 1619 182 1696 signo
198 1628 325 1701 accepto
342 1621 466 1682 victores
481 1618 604 1691 vadunt,
619 1618 697 1681 maio
711 1620 848 1683 tirocinio
864 1618 989 1685 inbuen-

50 1695 104 1760 durn
118 1702 275 1767 Samnitem
292 1703 485 1768 clamitantes.
513 1703 668 1784 indulgent
682 1703 819 1766 oonsulcs
838 1705 990 1785 legionum
999 1711 1032 1765 lb

49 1783 141 1857 ardori,
154 1797 187 1850 ut
203 1791 254 1870 qui
269 1787 365 1869 probe
379 1789 490 1850 scirem
505 1807 613 1852 novum
626 1788 752 1852 militem
766 1789 895 1851 hostium
910 1791 990 1853 iuter

47 1869 177 1942 euersos
192 1873 263 1953 luga
279 1879 435 1937 veteranos
449 1891 487 1935 ne
504 1872 675 1953 temptando
693 1872 812 1954 quidem
829 1875 903 1941 salis
921 1891 987 1937 cer·

48 1953 131 2014 unm
150 1956 223 2020 iore.
259 1974 318 2020 nec
339 1974 391 2020 eos
413 1958 515 2038 opinio
538 1957 655 2021 ieiollit:
683 1960 1032 2104 Quum

9 2074 11 2083 v
48 2038 988 2187 summmenneuemnennmfflumpt

48 2132 74 2178 to
87 2129 112 2182 et
123 2124 253 2193 Romana
270 2126 396 2205 erigitur
409 2128 501 2198 ecies,
522 2145 578 2188 nee
600 2129 756 2208 quicquam
772 2128 842 2190 sctis
861 2129 917 2189 tuti
943 2127 989 2187 oci

10 2248 11 2251 ,
47 2201 113 2266 dctis
126 2217 176 2271 est
206 2210 290 2273 etde
304 2211 396 2289 iugis,
415 2229 490 2292 quoe
506 2219 659 2292 ceperant,
675 2211 854 2282 tunduntur,
871 2213 988 2290 lamque

46 2302 91 2349 una
108 2311 175 2356 soce
200 2311 306 2359 omncs
330 2311 434 2375 paoem
461 2295 610 2376 petebant
634 2303 720 2359 -tum
739 2297 829 2358 trium
850 2311 986 2357 mensum
997 2299 1029 2352 21

46 2368 173 2441 frumento
188 2382 335 2461 imperato
351 2387 380 2440 et
400 2397 498 2443 annuo
513 2378 660 2459 stipendio
676 2398 710 2441 ac
724 2377 849 2458 singuiis
864 2381 894 2440 in
910 2377 987 2441 mili·

46 2459 93 2519 tem
107 2464 209 2527 tunicis
230 2464 269 2526 ad
290 2471 425 2525 senatum
444 2467 526 2544 pacis
552 2471 685 2525 oratores
704 2464 796 2527 missi.
833 2461 987 2526 Cornelius
998 2471 1030 2519 22

45 2536 192 2609 intimato
213 2546 350 2617 relictus:
378 2547 505 2609 blaseius
531 2545 568 2608 de
588 2546 724 2623 Hernicis
748 2547 934 2627 triumphans
956 2546 988 2605 in

46 2622 133 2691 whom
140 2630 244 2704 rediit,
259 2638 413 2712 statuaque
428 2631 573 2711 equestris
586 2631 618 2690 in
630 2629 697 2692 loro
713 2628 832 2691 decreta
844 2635 896 2700 est,
912 2644 988 2707 quae

45 2715 99 2769 tute
113 2714 253 2795 templum
268 2715 398 2778 Castoris
411 2716 507 2796 posite
528 2720 582 2777 est.
613 2712 811 2777 Hernicorum
827 2711 921 2776 tribus
934 2717 1028 2792 potu
1124 2750 1126 2795 q

44 2789 267 2864 ltlbtteusmu
276 2799 625 2870 VerulaooFerentinati,
642 2796 987 2879 quiamalucruntquam
1125 2806 1126 2813 ’

45 2873 189 2955 duntona,
207 2901 279 2947 suae
297 2882 379 2963 leges
392 2883 539 2957 redditae,
560 2882 778 2965 conubiumque
798 2884 877 2947 inter
897 2883 985 2963 ipsos,

44 2960 112 3031 quod
124 2964 300 3048 Quamdiu
313 2967 371 3031 soli
382 2969 580 3033 Hernicorum
598 2968 781 3039 babuerunt,
798 2968 986 3049 permissum.

43 3039 187 3123 Anagninis
208 3053 316 3133 quique
340 3071 421 3118 arma
442 3054 583 3116 Romanis
608 3052 771 3115 intulerant
797 3052 897 3114 civitas
921 3051 1028 3111 sinsus
1124 3100 1125 3109 ,

42 3125 159 3211 suffragii
184 3134 293 3199 latione
319 3136 402 3210 data,
433 3136 556 3200 eoncilia
585 3136 768 3216 conubiaque
794 3136 929 3211 adempta
957 3138 987 3191 et

43 3215 986 3302 momuatmmpracterquamsecroromourauoneimeroiomm.

96 3297 205 3365 Eodem
220 3321 296 3369 enno
311 3306 400 3369 aedes
413 3305 520 3370 Salutis
536 3324 553 3367 a
568 3305 598 3367 c.
614 3304 698 3366 lunio
715 3302 846 3367 Bubulco
862 3317 984 3363 censore
996 3306 1030 3358 25

43 3369 127 3444 biiii
152 3394 211 3456 θεῖ,
238 3404 325 3470 quam
351 3390 454 3454 consul
479 3389 557 3452 bello
586 3389 760 3469 Samnitium
784 3394 911 3450 voveret.
951 3385 987 3449 ab
1098 3424 1101 3429 >

44 3461 136 3529 eodem
150 3468 319 3555 collegaque
342 3476 407 3539 eius
416 3474 458 3538 bl.
472 3474 588 3539 Valerio
602 3473 728 3537 blaximo
748 3473 811 3535 riae
831 3490 886 3552 pcr
900 3487 988 3551 agros
