2290 3920
139 221 201 286 258
312 237 406 277 nrnnn
420 237 485 278 xx1.
501 235 571 278 cte.
585 223 628 276 63.
647 214 686 297 [a.
701 238 733 277 u.
749 237 776 276 c.
791 221 849 274 536.
863 211 924 296 tet]

139 383 271 446 habitum
293 383 329 443 ad
351 383 465 444 fructus
488 402 523 444 ex
545 385 624 461 agris
644 382 816 451 vectandos;
841 389 972 462 quaestus
990 382 1071 442 omnis

137 467 269 546 patribus
286 465 443 528 indecorus
457 468 544 528 visus.
581 485 630 528 res
644 484 699 546 per
714 484 857 527 summam
874 466 1070 528 contentionem

138 557 201 611 acta
220 551 358 611 invidiam
372 550 450 630 apud
463 549 645 611 nobilitatem
660 551 773 612 suasori
788 549 860 627 legis
874 549 1024 618 Flaminio,
1037 548 1071 608 ia·

88 642 98 713 g
137 652 238 695 vorem
256 634 333 713 apud
347 633 463 714 plebem
480 633 664 714 alterumque
676 634 747 694 inde
769 633 949 695 consulatum
964 634 1070 712 peperit.

89 726 124 817 qs
137 717 175 778 ob
191 718 264 779 haec
287 725 368 780 ratus
384 719 520 797 auspiciis
541 717 734 779 ementiendis
757 717 982 797 Latinarumque
1000 716 1070 776 scria·

93 820 101 857 ’ς
137 821 204 864 rum
219 821 301 865 mors
318 810 348 862 ct
364 801 566 863 consularibus
578 801 641 862 aliis
656 801 864 881 inpedimentis
880 808 1037 864 retenturos
1048 817 1071 859 se

98 876 105 909 ³
136 888 169 948 in
182 886 265 957 urbe,
282 884 417 946 simulato
429 886 535 947 itinere
546 887 676 964 privatus
688 884 763 946 clam
774 886 803 946 iu
815 887 992 965 provinciam
1007 883 1070 945 obiit

109 988 171 1044 oea
194 988 243 1031 res
265 969 317 1030 ubi
341 968 436 1048 palam
459 969 533 1033 iacta
550 976 606 1039 est,
629 987 733 1030 novem
747 970 869 1048 insuper
889 971 961 1032 iram
978 967 1071 1028 infestis

135 1055 193 1114 iam
211 1061 278 1113 aute
293 1052 427 1132 patribus
443 1055 546 1113 movit:
561 1071 621 1114 non
641 1070 708 1113 curn
725 1060 828 1114 senatu
843 1055 947 1122 modo,
969 1051 1015 1113 sed
1027 1052 1071 1111 iam

108 1146 204 1198 teum
219 1137 274 1197 diis
289 1134 493 1196 inmortalibus
507 1137 538 1198 C.
557 1136 733 1197 Flaminium
749 1135 859 1198 bellum
878 1155 990 1217 gerere.
1018 1150 1071 1195 con·

136 1220 228 1280 sulem
249 1230 317 1279 ante
335 1220 517 1298 inauspicato
540 1220 649 1281 factum
671 1220 878 1282 revocantibus
899 1240 935 1283 cx
950 1222 1009 1300 ipsa
1023 1218 1071 1279 acic

102 1317 109 1329 “
137 1303 192 1364 diis
204 1312 289 1381 atque
305 1301 474 1364 hominibus
486 1322 545 1365 non
560 1305 709 1383 paruisse3
726 1322 805 1365 nunc
817 1306 996 1367 conscientia
1007 1317 1071 1382 spre-

95 1384 107 1459 J'
136 1395 232 1448 torum
249 1396 279 1448 et
289 1384 462 1465 Capitolium
473 1396 503 1447 et
511 1386 685 1449 sollemnem
696 1396 830 1450 votorum
844 1389 1071 1469 nuncupationem

93 1470 124 1530 ''8
137 1470 259 1550 legisse,
275 1489 313 1532 ne
328 1470 375 1531 die
390 1472 456 1531 initi
471 1473 657 1549 magistratus
671 1470 747 1532 lovis
765 1473 869 1551 optimi
886 1473 1002 1533 maximi
1015 1478 1072 1530 tem·

96 1554 105 1637 ξ
134 1554 215 1634 plum
233 1555 342 1624 adiret,
360 1573 398 1614 ne
413 1563 546 1616 senatum
563 1558 674 1616 inrisus
691 1556 754 1634 ipse
778 1564 808 1616 et
829 1556 889 1617 sibi
905 1557 956 1616 uni
969 1556 1072 1615 invisum
1102 1588 1104 1593 ,

101 1706 104 1719 ,
135 1639 248 1700 videret
262 1638 502 1718 consuleretque,
517 1658 554 1700 no
565 1640 683 1701 Latinas
697 1639 843 1701 indiceret
856 1639 976 1719 lotique
985 1635 1072 1699 Latiari

103 1730 122 1781 e
135 1722 277 1795 sollemne
289 1740 405 1784 sacrum
417 1725 448 1782 in
464 1731 564 1783 monte
579 1723 706 1794 faceret,
726 1741 763 1784 ne
777 1725 931 1802 auspicato
945 1721 1072 1803 proiectus

133 1809 165 1866 in
182 1806 355 1886 Capitolium
381 1806 416 1867 ad
439 1813 503 1867 vota
524 1806 734 1886 nuncupanda,
758 1806 918 1888 paludatus
938 1807 1004 1868 inde
1021 1819 1071 1864 cum

97 1916 100 1925 ¹
134 1888 287 1949 lictoribus
303 1890 333 1950 in
348 1892 530 1970 provinciam
546 1893 612 1952 iret.
644 1891 720 1952 lixae
733 1890 822 1953 modo
838 1894 905 1953 sinc
920 1888 1070 1970 insignibus

87 1970 93 1977 ”
134 1973 198 2032 sine
214 1970 366 2033 lictoribus
379 1973 545 2051 proiectum
561 1973 651 2045 clam,
670 1975 785 2044 tumim,
808 1975 889 2037 haud
906 1975 990 2038 aliter
1003 1987 1070 2053 man

94 2064 127 2116 10
137 2057 160 2117 si
177 2053 254 2117 exilii
277 2073 362 2116 causa
385 2055 479 2117 solum
495 2058 637 2118 vertisset.
667 2061 761 2138 magis
776 2076 831 2139 pro
846 2061 997 2121 maiestate
1010 2054 1072 2117 vide·

133 2140 202 2202 licet
217 2140 333 2221 imperii
347 2141 472 2201 Arimini
493 2159 579 2220 quam
599 2141 710 2203 Romae
731 2144 938 2222 magistratum
952 2144 1070 2204 initurum

135 2232 164 2286 et
182 2226 213 2285 im
229 2224 398 2286 deversorio
417 2223 554 2304 hospitali
576 2244 663 2305 quarn
685 2225 761 2305 apud
783 2234 908 2305 penates
924 2245 992 2290 suos
1004 2238 1070 2305 prae·

93 2317 122 2368 ll
136 2316 244 2369 textam
269 2315 464 2389 sumpturum.
500 2309 697 2372 revocandum
718 2311 847 2371 universi
865 2309 1070 2374 retrahendum·

134 2410 191 2471 que
209 2401 389 2454 censuerunt
411 2400 441 2453 et
463 2394 627 2473 cogendum
651 2393 787 2454 omnibus
806 2396 890 2474 prius
906 2398 1070 2475 praesentem

133 2477 164 2536 in
176 2475 247 2537 deos
257 2477 451 2557 hominesque
462 2476 545 2557 iungi
559 2477 679 2547 officiis,
696 2477 832 2557 quemad
845 2473 1070 2541 exercitumetin

92 2569 124 2618 12
135 2561 314 2640 provinciam
329 2562 395 2622 iret.
424 2562 532 2621 ineam
548 2560 724 2639 legationem
742 2594 777 2606 -
793 2560 906 2640 legatos
922 2564 998 2623 enirn
1012 2553 1069 2619 mitti

133 2645 303 2724 placuit-
325 2645 359 2717 Q.
388 2645 544 2706 Terentius
570 2652 600 2707 et
620 2645 657 2706 Μ.
685 2646 825 2706 Antistius
852 2647 979 2724 proiecti
998 2636 1069 2705 mmo

133 2729 226 2805 magis
244 2746 310 2788 eum
327 2735 495 2799 moverunt,
513 2747 600 2808 quoru
617 2731 718 2808 priore
733 2728 886 2790 consulatu
901 2730 1013 2790 litterae
1022 2738 1068 2784 mo·

92 2817 124 2868 13
136 2817 239 2870 verant
257 2809 293 2870 ab
316 2818 419 2872 senatu
438 2813 553 2874 missae.
590 2830 699 2892 paucos
721 2820 788 2891 post
808 2812 871 2873 dies
888 2814 1069 2891 magistratum

137 2894 218 2961 iniit,
238 2892 452 2973 immolantique
467 2895 495 2954 ei
513 2894 617 2956 vitulus
633 2898 692 2957 iam
707 2898 782 2958 ictus
797 2915 813 2958 e
830 2895 966 2958 manibus
981 2888 1068 2954 sacrifi·

133 2977 259 3038 nanuum
273 2994 337 3037 sese
345 2994 411 3037 cum
423 2978 625 3058 proripuisset,
638 2978 745 3041 multos
752 2981 974 3043 circumstantes
985 2984 1068 3038 cruore

90 3069 123 3119 14
135 3062 283 3141 respersit.
308 3060 580 3141 fugaproculetiam
588 3065 680 3124 maior
687 3065 764 3143 apud
776 3068 902 3143 ignaros,
918 3062 987 3143 quid
998 3054 1068 3148 tropi
1127 3114 1129 3123 i

133 3144 261 3215 daretur,
278 3151 308 3206 et
325 3146 509 3207 concursatio
523 3146 586 3207 luit.
609 3148 640 3208 id
655 3166 670 3208 a
685 3146 833 3228 plerisque
847 3150 878 3208 in
890 3164 977 3208 omen
990 3151 1068 3216 magni
1128 3186 1129 3189 ,

90 3233 122 3283 15
135 3230 257 3288 terroris
277 3236 439 3307 acceptum.
478 3229 642 3308 legionibus
660 3232 730 3291 inde
751 3232 863 3293 duabus
883 3220 1069 3308 aSempronic

134 3309 242 3385 prioris
256 3314 326 3371 anni
335 3311 464 3385 consule,
480 3312 593 3374 duabus
608 3315 667 3376 aG.
676 3313 764 3375 Atilio
772 3323 908 3395 praetore
920 3304 1067 3389 accepttsiu

131 3387 278 3451 Etruriam
294 3411 348 3469 per
359 3396 505 3475 Apennini
517 3399 649 3460 tramites
664 3402 811 3460 exercitus
821 3399 892 3479 *duci
903 3404 948 3459 est
957 3396 1067 3471 coeptus»

509 3544 710 3558 *nn-...—
