2290 3920
252 243 346 285 amun
362 245 425 286 xxx.
442 244 511 287 oar.
527 232 571 286 37.
587 232 630 286 38.
648 225 688 308 [a.
707 229 741 290 0.
756 227 817 310 218]
959 234 1022 299 235
1042 264 1045 271 ¹

132 388 266 451 XXXVII.
298 366 433 452 Tandem
449 393 626 471 nequiquam
650 393 788 454 iumentis
814 402 901 475 atque
926 396 1048 457 homi-i

78 472 155 534 nibus
180 473 304 552 fatigatis
329 483 424 535 castra
450 477 482 536 in
507 476 575 554 iugo
600 477 708 555 posita,
739 479 902 556 aegerrimo
927 479 963 541 ad
991 479 1023 540 id

76 558 163 637 ipsum
185 556 250 625 loeo
268 564 407 636 purgato:
432 565 546 620 tantum
567 560 641 620 nivis
665 559 836 623 fodiendum
851 570 938 641 atque
953 580 1021 641 ege·

76 641 191 702 rendum
205 641 269 702 init.
295 641 365 702 inde
379 641 416 703 ad
427 659 531 722 rupem
544 643 748 715 muniendam,
766 662 821 724 per
835 664 923 725 quam
934 656 1052 709 naama

75 726 115 787 via
138 743 200 786 esse
227 732 359 804 poterat,
386 724 493 787 milites
522 726 616 798 duell,
642 745 710 788 eum
735 728 918 791 caedendum
946 737 1024 791 esset
1058 730 1068 815 ξ

75 827 181 878 saxum,
197 807 354 870 arboribus
371 811 450 870 circa
464 810 632 872 inmanibus
646 810 768 872 deiectis
784 811 1024 893 detruncatisque
1057 818 1068 886 ἐ

75 900 176 953 struem
197 893 349 970 ingentem
373 893 520 971 lignorum
544 893 669 965 iaciunt,
693 913 924 975 eamque,.cnm
941 904 970 958 et
983 897 1025 957 vis

74 977 144 1037 nenti
160 982 228 1055 apta
245 977 381 1038 iaciendo
396 977 458 1055 igni
472 984 573 1040 coorta
588 985 680 1047 esset,
702 980 902 1051 succendunt,
917 980 1023 1041 arden·
1054 984 1065 1031 ἶ·

74 1061 162 1139 tiaqne
173 1077 242 1121 saxa
257 1059 444 1122 inbrsoaeeto
452 1061 659 1140 putrefaciunt.
682 1065 723 1125 ita
735 1064 876 1127 torridam
889 1064 1026 1126 incendio
1038 1071 1069 1137 3,

75 1160 167 1223 rupem
197 1143 280 1205 ferro
302 1144 449 1223 pandunt,
476 1144 669 1227 molliuntque
694 1147 874 1211 anfractibus
901 1148 1025 1209 modieis

74 1225 169 1299 clivos,
183 1234 217 1289 ui
231 1245 293 1288 non
310 1229 441 1290 iumenta
456 1228 566 1299 solum,
582 1230 634 1290 sed
650 1229 799 1310 elephanti
815 1235 903 1295 etiam
919 1231 1026 1295 deduci
1054 1297 1056 1301 ,
1080 1282 1083 1287 a

73 1319 192 1389 possent.
223 1310 421 1391 quadriduum
443 1313 521 1373 circa
540 1331 645 1393 rupem
660 1324 866 1395 consumptum
886 1316 1024 1378 iumentis
1036 1323 1059 1372 e¹⁴
1079 1312 1082 1321 ’

72 1411 156 1475 prope
165 1396 247 1458 lame
259 1393 436 1473 absumptis:
449 1395 528 1456 nuda
539 1398 617 1456 euim
628 1396 691 1456 fere
699 1400 850 1461 cacumina
862 1406 939 1470 sunt,
955 1406 992 1469 et,
1000 1400 1033 1460 sl
1074 1412 1085 1491 p

73 1479 133 1556 quid
149 1488 193 1543 cst
201 1477 319 1559 pabuli,
338 1477 467 1554 obruunt
478 1480 567 1538 nives.
596 1479 736 1541 inferiora
751 1480 840 1542 valles
854 1483 1026 1560 apricosque
1037 1487 1058 1551 5,
1069 1488 1083 1549 ὲ

72 1564 203 1640 quosdam
218 1561 310 1624 colles
321 1561 432 1623 babent
441 1564 577 1641 rivosque
587 1580 682 1641 prope
694 1563 781 1624 silvas
790 1566 884 1625 etiam
895 1564 1036 1624 humano*
1069 1562 1080 1629 ἶ

72 1643 142 1707 niltn
156 1646 291 1726 digniora
302 1645 376 1707 loca.
397 1644 439 1706 ibi
450 1648 579 1707 iumenta
592 1648 622 1707 in
633 1646 772 1726 pabulum
787 1648 884 1719 missa,
897 1653 925 1708 et
939 1646 1022 1727 quies
1036 1654 1054 1705 o
1074 1704 1078 1713 ,

72 1730 221 1793 muniendo
242 1730 327 1791 fessis
343 1728 511 1790 hominibus
536 1729 611 1790 data.
642 1730 740 1793 triduo
757 1731 826 1792 inde
846 1731 882 1792 ad
905 1730 1025 1811 planum
1071 1734 1082 1811 ξ

72 1809 237 1876 descensum
250 1815 310 1874 iam
328 1820 358 1874 et
370 1811 443 1873 locis
456 1812 640 1875 mollioribus
656 1824 685 1876 et
698 1814 866 1876 accolarum
887 1815 1024 1893 ingeniis.
1067 1820 1085 1921 f

126 1896 282 1960 XXXVlll.
322 1895 385 1957 lloc
410 1896 536 1958 manime
560 1897 648 1959 modo
668 1901 699 1959 in
719 1898 833 1961 ltaliam
852 1870 1064 1980 perram

71 1986 122 2051 est,
137 1984 241 2061 quinto
261 1998 363 2041 mense
379 1997 395 2039 a
410 1979 585 2059 Cartbagine
602 2000 700 2053 nova,
711 1989 744 2044 ut
756 1984 875 2063 quidam
889 1989 1025 2044 auctores

71 2072 146 2136 mat,
160 2068 265 2146 quinto
281 2063 395 2125 decimo
406 2063 454 2123 die
464 2063 586 2143 Alpibus
597 2069 751 2146 superatis,
777 2074 903 2147 quantae
921 2067 1052 2145 eopiaet

69 2148 248 2228 transgresso
263 2150 296 2208 in
311 2145 422 2208 ltaliam
434 2147 590 2209 Hannibali
607 2150 730 2222 luerint,
746 2167 931 2230 nequaquam
945 2150 1037 2210 inter‘

70 2239 197 2294 anomres
219 2237 345 2295 constat.
375 2231 426 2309 qui
444 2229 619 2310 plurimum,
642 2242 760 2295 contum
781 2232 862 2294 milia
881 2231 1023 2311 peditum,

72 2315 164 2392 sigimi
180 2317 313 2397 equitum
327 2314 418 2375 inisse
435 2314 583 2383 scribunt;
599 2317 649 2394 qui
663 2317 832 2386 minimum,
850 2316 953 2393 viginti
968 2316 1023 2374 mi·
1140 2346 1141 2349 =

70 2393 104 2456 lia
125 2401 273 2478 peditum,
302 2416 353 2460 sex
381 2399 523 2476 equitnm.
563 2399 597 2458 L.
624 2399 741 2460 Cincius
766 2398 945 2469 Alimentus,
974 2399 1051 2478 qnid

71 2492 179 2559 captum
194 2502 229 2545 se
242 2483 279 2544 ab
294 2480 458 2543 Hannibale
477 2480 595 2550 scribit,
618 2483 745 2543 maxime
764 2488 867 2543 auctor
881 2489 1022 2550 moveret,
1139 2532 1140 2535 ,

69 2564 121 2625 nisi
144 2565 340 2628 confunderet
365 2582 522 2626 nnmerum
547 2564 637 2626 Gallis
662 2565 877 2643 Liguribusque
902 2563 1023 2625 additis:
1138 2626 1139 2631 ,

71 2660 131 2708 mm
145 2650 192 2712 bis
207 2650 357 2729 octoginta
373 2647 453 2710 milia
468 2646 616 2728 peditum,
634 2647 737 2708 decem
752 2648 884 2728 equitnm
899 2645 1052 2708 adductas
1138 2670 1139 2739 q

3 2780 4 2787 ,
71 2733 149 2793 -in
163 2733 245 2795 ltalia
259 2734 353 2811 magis
368 2731 524 2794 adduxisse
539 2732 601 2793 veri
618 2729 713 2792 simile
727 2739 786 2802 est,
802 2738 831 2792 et
849 2730 890 2791 ita
905 2729 1023 2809 quidam
1136 2748 1139 2815 j

71 2823 199 2879 auetmes
213 2823 284 2878 sunt
298 2835 356 2886 -;
378 2834 415 2877 ex
435 2816 500 2895 ipso
516 2822 614 2877 summ
626 2814 742 2878 andime
752 2812 925 2886 Hannibale,
943 2820 1051 2893 post-o
1136 2818 1138 2833 ³

70 2913 151 2974 quam
173 2900 350 2963 libodannnr
372 2900 537 2972 transierit,
560 2900 680 2979 triginta
701 2918 753 2962 sex
772 2897 852 2962 milia
869 2897 1022 2960 bominum

71 2977 273 3065 ingentemque
289 3002 445 3044 nnmerum
462 3002 605 3063 equorum
626 2991 657 3045 et
678 2982 802 3046 aliorum
824 2984 1023 3044 iumentorum
1135 2984 1137 3007 ¹

71 3065 206 3130 amisisse.
241 3068 363 3130 Taurini
385 3065 496 3128 Galbae
517 3084 661 3148 proxuma
684 3085 757 3145 gens
776 3073 840 3128 erat
859 3067 890 3126 in
911 3062 1024 3125 ltaliam

72 3143 214 3225 degresso.
247 3151 279 3212 id
302 3169 369 3212 cnm
389 3152 469 3212 inter
494 3167 598 3212 omnes
621 3157 750 3221 constet,
773 3168 809 3211 eo
824 3149 917 3226 magis
930 3147 1051 3207 miroro

71 3229 189 3311 mbtgi,
205 3252 331 3316 quanam
345 3233 425 3315 Alpis
435 3235 585 3295 nansierit
609 3241 639 3294 et
653 3232 740 3311 vulgo
755 3231 878 3294 credere
891 3230 1025 3292 Poenino

71 3343 110 3357 —
123 3323 208 3396 atque
226 3319 297 3381 inde
317 3335 426 3379 nomen
447 3319 475 3379 ei
496 3319 565 3396 ingo
585 3316 702 3396 Alpium
724 3316 851 3377 inditum
871 3350 913 3362 -
926 3322 1022 3377 trans·

71 3410 213 3474 gressum,
230 3401 362 3466 Coelium
382 3419 437 3482 per
451 3402 605 3464 Cremonis
626 3403 726 3481 iugum
747 3401 846 3462 dicere
866 3400 1050 3468 transissem

72 3479 119 3557 tol
132 3482 216 3546 ambo
229 3486 319 3548 saltus
331 3504 398 3547 enm
411 3488 513 3546 nonin
523 3485 683 3558 Taurinos,
699 3485 750 3546 sed
761 3502 816 3566 per
826 3483 926 3564 Salyes
937 3498 1023 3542 mon·
