2350 3922
131 199 192 261 336
294 210 388 252 umus
400 208 489 251 xxm.
506 207 573 250 one.
591 195 632 248 17.
647 193 690 247 18.
706 181 745 266 [a.
760 208 792 247 u.
809 207 836 247 o.
851 181 914 266 538]

102 369 118 417 7
191 356 338 419 Hannibal
348 356 466 418 Acerris
480 355 602 434 direptis
612 361 699 433 atque
713 353 856 423 incensis,
872 371 939 415 cum
950 370 967 414 a
978 354 1092 415 Casino

131 440 303 505 dictatorem
318 441 481 502 Romanum
498 439 685 517 legionesque
700 436 735 479 ⁴⁸*
746 438 832 496 nimis
846 439 938 516 accipi
953 439 1091 498 nuntias·

130 533 211 595 seut,
226 542 264 585 ne
281 525 345 604 quis
359 532 418 584 taur
432 524 605 603 propinquis
620 521 749 582 bostium
764 522 868 581 castris
883 519 998 599 Capuae
1012 539 1090 600 quo-

103 618 187 687 tque
199 616 334 669 oreretur
350 614 459 677 motus,
476 608 635 669 exercitum
652 604 689 667 ad
704 602 863 667 Casilinum
885 604 974 666 ducit.
1006 604 1090 665 Casi·

130 692 223 753 linum
244 710 279 752 eo
306 700 440 770 ternpore
460 691 612 771 quingenti
637 689 822 750 Praenestini
846 686 996 749 habebant
1018 705 1089 749 curn

130 778 231 854 paucis
251 775 390 837 Romanis
413 773 565 853 Latinique
596 774 736 842 nominis,
768 790 842 851 quos
863 771 967 833 eodem
987 771 1091 833 audita.

101 860 292 921 9Cannensis
312 857 409 919 clades
430 857 601 920 contulerat.
637 856 668 916 bi
688 874 748 916 non
768 856 903 917 conlecto
926 856 1090 916 Praeneste

133 943 170 1003 ad
181 944 258 1004 diem
271 941 380 1002 dilectu
392 943 487 1002 serius
499 940 625 1020 proiecti
644 938 731 999 domo
752 957 819 999 cum
835 938 995 1001 Casilinum
1016 946 1090 999 ante

130 1028 238 1087 lamam
254 1025 392 1085 adversae
409 1041 524 1102 pugnae
541 1025 702 1092 venisseut,
727 1030 756 1083 et
774 1021 837 1082 aliis
857 1021 1091 1101 adgregantibus

131 1128 194 1170 sese
205 1109 344 1169 Romanis
355 1100 500 1186 sociisque
510 1106 637 1184 proiecti
650 1126 667 1167 a
682 1106 806 1168 Casilino
819 1125 886 1166 curu
898 1107 967 1166 satis
978 1123 1089 1183 magno

131 1194 247 1269 agmine
261 1193 354 1260 irent,
371 1192 475 1252 avertit
491 1208 542 1250 eos
555 1196 636 1251 retro
648 1188 805 1252 Casilinum
820 1191 939 1251 nuntius
950 1189 1089 1250 Cannen-

89 1284 122 1334 ιο
132 1277 172 1337 sis
182 1291 307 1354 pugnae.
330 1273 371 1334 ibi
385 1291 452 1334 cum
464 1273 526 1334 dies
540 1272 650 1353 aliquot
665 1273 794 1350 suspecti
808 1274 963 1352 Campanis
979 1273 1090 1333 timen-

131 1368 234 1437 tesque
246 1357 381 1418 cavendis
396 1375 430 1417 ac
445 1356 593 1418 struendis
607 1357 742 1417 invicem
753 1356 867 1416 insidiis
878 1356 1089 1426 traduxissent,

130 1449 163 1504 ut
184 1441 221 1501 de
236 1442 351 1521 Capuae
372 1441 537 1501 delectione
557 1442 604 1517 agi
625 1441 776 1519 accipique
799 1439 993 1501 llanuibalem
1014 1442 1090 1500 satis

130 1545 185 1605 pru
212 1533 293 1587 certo
316 1524 463 1595 habuere,
491 1524 653 1584 interfectis
677 1531 763 1584 nocte
790 1523 945 1602 oppidanis
970 1532 1087 1602 partem

130 1609 229 1679 urbis,
247 1627 321 1689 quae
338 1610 381 1668 cis
398 1608 571 1668 Volturnum
589 1615 688 1668 est-
705 1625 740 1666 eo
758 1609 836 1667 enim
852 1605 991 1667 dividitur
1006 1608 1090 1669 amni

91 1699 182 1761 11-‚
198 1710 387 1771 occupavere.
408 1690 496 1769 idque
507 1690 645 1770 praesidii
661 1690 779 1752 Casilini
790 1689 938 1751 habebant
949 1689 1088 1750 Romani

131 1776 247 1835 additur
254 1775 550 1845 etPerusinacobors,
567 1775 700 1835 homines
712 1772 919 1852 quadringenti
925 1774 1088 1849 sexaginta,

131 1858 234 1917 eodem
248 1859 361 1930 nuntio,
376 1876 433 1937 quo
448 1857 746 1935 Praenestinipaucos
761 1857 910 1927 antedius,
927 1854 1089 1918 Casilinum

90 1949 121 1998 12
133 1940 274 2017 conpulsi.
312 1948 342 1999 et
361 1943 431 1999 satis
453 1942 547 2000 terme
568 1950 748 2001 armatorum
763 1940 799 2000 ad
812 1948 871 2001 tam
887 1941 991 2017 exigua
1004 1957 1090 2000 moe·

131 2025 179 2084 nia
201 2033 230 2081 et
244 2022 363 2089 flumine
391 2023 488 2083 altera·
503 2022 586 2102 parte
600 2016 846 2105 'cincla'lhbndq
860 2030 938 2099 erem
983 2025 1089 2082 enuria

131 2107 285 2174 frumenti,
302 2106 424 2165 nimiuni
436 2107 575 2166 ‘etlamut
588 2101 910 2176 videre'tbrhominum
930 2102 953 2166 e
980 2098 1087 2166 cieba‘l.

103 2197 116 2247 1
191 2189 289 2251 XVlll.
316 2189 462 2249 llannibal
475 2207 541 2250 cum
553 2191 610 2249 iem
620 2189 690 2250 inde
701 2188 778 2250 haud
793 2189 898 2268 procul
909 2196 994 2258 esset
1011 2189 1091 2255 Gae-

131 2273 207 2334 tulos
222 2291 288 2333 cum
300 2272 450 2352 praelecto
466 2276 584 2333 nomine
599 2273 689 2344 Isalca
704 2275 872 2352 praemittit,
887 2291 922 2334 ac
937 2274 1046 2353 primo,
1064 2276 1090 2333 si

27 2400 34 2411 .
131 2358 183 2418 tiat
195 2355 342 2435 conloquii
356 2359 455 2435 copia,
477 2357 575 2417 verbis
594 2356 729 2434 benignis
743 2356 779 2418 ad
794 2366 894 2435 portas
909 2357 1090 2435 aperiundas

130 2440 367 2518 praesidiumque
382 2441 584 2518 accipiendum
598 2440 744 2518 perlicere
759 2440 854 2510 iubet,
872 2441 942 2499 siin
956 2441 1089 2518 pertina-
1173 2498 1174 2519 q

131 2524 176 2582 cia
190 2531 336 2600 perstent,
359 2524 386 2582 vi
401 2541 464 2584 rem
480 2542 585 2601 gerere
599 2541 633 2584 ac
653 2532 812 2602 temptare,
831 2525 929 2602 siqua
944 2531 1029 2602 parte
1044 2526 1088 2583 in·

105 2606 239 2666 tradere
251 2605 354 2666 urbem
367 2609 468 2684 possit.
493 2606 543 2666 ubi
558 2606 593 2668 ad
609 2609 724 2667 moenia
738 2607 902 2676 adcessere,
918 2608 988 2683 quia
998 2606 1087 2667 sileu·
1173 2642 1174 2669 t

132 2692 202 2748 tium
213 2698 284 2758 erat,
298 2688 423 2749 solitudo
436 2691 510 2758 visa;
524 2700 661 2769 metuque
673 2708 843 2751 concessum
851 2689 996 2750 barbarus
1006 2699 1089 2751 ratus

106 2771 231 2831 amoliri
244 2782 344 2851 portas
360 2781 389 2832 et
403 2773 527 2833 claustra
542 2774 707 2851 refringere
728 2783 828 2851 parat,
852 2792 919 2834 curn
935 2772 1090 2850 patefactis

132 2862 254 2931 repente
269 2857 362 2931 portis
374 2856 510 2914 cohortes
525 2856 612 2926 duae,
628 2856 706 2916 adid
723 2858 819 2934 ipsum
829 2860 991 2917 instructae
1008 2859 1091 2918 intus

131 2939 243 3014 ingenti
250 2955 316 2996 cum
332 2936 813 3018 tumultuerumpuntstragemque
825 2941 955 3002 bostium
967 2940 1088 3002 iaciunt

103 3023 171 3080 dita
187 3021 289 3099 primis
305 3019 430 3098 repulsis
447 3021 596 3082 Maharbal
614 3041 679 3093 cum
698 3026 810 3084 maiore
831 3024 941 3083 robore
957 3025 1089 3083 virorum

103 3106 237 3163 emissus
249 3121 304 3162 nec
315 3104 377 3181 ipse
390 3107 572 3182 eruptionem
585 3107 748 3166 cohortium
761 3109 906 3168 sustinuit.
935 3115 1091 3186 postremo

131 3185 277 3245 Hannibal
293 3189 396 3247 castris
411 3197 477 3247 ante
491 3190 552 3266 ipsa
570 3192 684 3249 moenia
695 3193 836 3269 oppositis
844 3208 965 3269 parvam
983 3189 1091 3250 urbem

132 3285 312 3347 parvumque
329 3270 507 3348 praesidium
536 3291 649 3334 summa
671 3275 698 3332 n‘
719 3283 805 3352 atque
832 3273 970 3335 omnibus
996 3274 1092 3352 copiis

134 3365 304 3424 oppugnare
317 3363 410 3430 parat.
440 3372 474 3413 ac
489 3354 559 3414 durn
576 3357 663 3415 instat
683 3356 858 3437 lacessitque
874 3375 985 3418 corona
1000 3356 1091 3416 undi-

133 3446 190 3506 que
206 3431 391 3496 circumdatis
405 3437 577 3509 moenibus,
604 3439 714 3520 aliquot
734 3441 841 3503 milites
858 3451 887 3502 et
901 3441 1090 3521 promptissi-
