<?xml version="1.0" encoding="UTF-8"?>
<!DOCTYPE html PUBLIC "-//W3C//DTD XHTML 1.0 Transitional//EN"
    "http://www.w3.org/TR/xhtml1/DTD/xhtml1-transitional.dtd">
<html xmlns="http://www.w3.org/1999/xhtml" xml:lang="en" lang="en">
 <head>
  <title>
</title>
<meta http-equiv="Content-Type" content="text/html;charset=utf-8" />
  <meta name='ocr-system' content='tesseract 3.04.00' />
  <meta name='ocr-capabilities' content='ocr_page ocr_carea ocr_par ocr_line ocrx_word'/>
</head>
<body>
  <div class='ocr_page' id='page_1' title='image "./aburbeconditali11livygoog_0324.png"; bbox 0 0 2350 3922; ppageno 0'>
   <div class='ocr_carea' id='block_1_1' title="bbox 280 250 1018 336">
    <p class='ocr_par' dir='ltr' id='par_1_1' title="bbox 280 250 1018 336">
     <span class='ocr_line' id='line_1_1' title="bbox 280 250 1018 336; baseline 0.014 -24"><span class='ocrx_word' id='word_1_1' title='bbox 280 270 374 313; x_wconf 78' lang='lat' dir='ltr'><strong>urens</strong></span> <span class='ocrx_word' id='word_1_2' title='bbox 389 271 466 315; x_wconf 81' lang='lat'>1111.</span> <span class='ocrx_word' id='word_1_3' title='bbox 484 269 551 314; x_wconf 78' lang='lat' dir='ltr'><strong>oar.</strong></span> <span class='ocrx_word' id='word_1_4' title='bbox 568 257 612 312; x_wconf 77' lang='lat'><strong>60.</strong></span> <span class='ocrx_word' id='word_1_5' title='bbox 630 250 669 333; x_wconf 89' lang='lat' dir='ltr'><strong>[a.</strong></span> <span class='ocrx_word' id='word_1_6' title='bbox 686 253 720 316; x_wconf 79' lang='grc'><strong>0.</strong></span> <span class='ocrx_word' id='word_1_7' title='bbox 734 253 795 336; x_wconf 78' lang='lat' dir='ltr'><strong>tio]</strong></span> <span class='ocrx_word' id='word_1_8' title='bbox 957 262 1018 322; x_wconf 80' lang='lat'><strong>315</strong></span> 
     </span>
    </p>
   </div>
   <div class='ocr_carea' id='block_1_2' title="bbox 42 418 1170 2686">
    <p class='ocr_par' dir='ltr' id='par_1_2' title="bbox 49 418 1081 1000">
     <span class='ocr_line' id='line_1_2' title="bbox 53 418 1017 501; baseline 0 -19"><span class='ocrx_word' id='word_1_9' title='bbox 53 420 168 490; x_wconf 88' lang='lat' dir='ltr'><strong>durae,</strong></span> <span class='ocrx_word' id='word_1_10' title='bbox 185 426 218 478; x_wconf 92' lang='lat' dir='ltr'><strong>ut</strong></span> <span class='ocrx_word' id='word_1_11' title='bbox 229 434 377 497; x_wconf 65' lang='lat' dir='ltr'><strong>prorisque</strong></span> <span class='ocrx_word' id='word_1_12' title='bbox 388 418 519 501; x_wconf 86' lang='lat' dir='ltr'><strong>videatur</strong></span> <span class='ocrx_word' id='word_1_13' title='bbox 549 422 720 484; x_wconf 88' lang='lat' dir='ltr'><strong>severitatis.</strong></span> <span class='ocrx_word' id='word_1_14' title='bbox 739 423 936 499; x_wconf 82' lang='lat' dir='ltr'><strong>interrogatus</strong></span> <span class='ocrx_word' id='word_1_15' title='bbox 951 440 1017 482; x_wconf 88' lang='lat' dir='ltr'><strong>sen·</strong></span> 
     </span>
     <span class='ocr_line' id='line_1_3' title="bbox 54 499 1046 584; baseline 0.001 -19"><span class='ocrx_word' id='word_1_16' title='bbox 54 504 183 565; x_wconf 89' lang='lat' dir='ltr'><strong>tentiam</strong></span> <span class='ocrx_word' id='word_1_17' title='bbox 202 503 243 561; x_wconf 91' lang='lat' dir='ltr'><strong>ita</strong></span> <span class='ocrx_word' id='word_1_18' title='bbox 261 499 375 562; x_wconf 90' lang='lat' dir='ltr'><strong>locutus</strong></span> <span class='ocrx_word' id='word_1_19' title='bbox 394 500 504 563; x_wconf 82' lang='lat' dir='ltr'><strong>fertur·</strong></span> <span class='ocrx_word' id='word_1_20' title='bbox 526 504 581 573; x_wconf 91' lang='lat' dir='ltr'><strong>„si</strong></span> <span class='ocrx_word' id='word_1_21' title='bbox 601 504 804 565; x_wconf 85' lang='lat' dir='ltr'><strong>tantummodo</strong></span> <span class='ocrx_word' id='word_1_22' title='bbox 825 512 1046 584; x_wconf 80' lang='lat' dir='ltr'><strong>postuassento</strong></span> 
     </span>
     <span class='ocr_line' id='line_1_4' title="bbox 52 586 1081 666; baseline 0.003 -19"><span class='ocrx_word' id='word_1_23' title='bbox 52 587 148 666; x_wconf 78' lang='lat' dir='ltr'><strong>iegati</strong></span> <span class='ocrx_word' id='word_1_24' title='bbox 159 602 216 664; x_wconf 87' lang='lat' dir='ltr'><strong>pro</strong></span> <span class='ocrx_word' id='word_1_25' title='bbox 226 586 279 655; x_wconf 86' lang='lat' dir='ltr'><strong>its,</strong></span> <span class='ocrx_word' id='word_1_26' title='bbox 294 597 345 664; x_wconf 84' lang='lat' dir='ltr'><strong>qut</strong></span> <span class='ocrx_word' id='word_1_27' title='bbox 355 602 386 644; x_wconf 86' lang='lat' dir='ltr'><strong>m</strong></span> <span class='ocrx_word' id='word_1_28' title='bbox 401 598 528 647; x_wconf 83' lang='lat' dir='ltr'><strong>nostium</strong></span> <span class='ocrx_word' id='word_1_29' title='bbox 539 595 683 665; x_wconf 89' lang='lat' dir='ltr'><strong>potestate</strong></span> <span class='ocrx_word' id='word_1_30' title='bbox 691 596 774 658; x_wconf 88' lang='lat' dir='ltr'><strong>sunt,</strong></span> <span class='ocrx_word' id='word_1_31' title='bbox 791 595 825 648; x_wconf 88' lang='lat' dir='ltr'><strong>ut</strong></span> <span class='ocrx_word' id='word_1_32' title='bbox 836 587 1018 650; x_wconf 88' lang='lat' dir='ltr'><strong>redimeren·</strong></span> <span class='ocrx_word' id='word_1_33' title='bbox 1077 618 1081 638; x_wconf 66' lang='grc' dir='ltr'><em>τ</em></span> 
     </span>
     <span class='ocr_line' id='line_1_5' title="bbox 51 666 1079 750; baseline -0.002 -18"><span class='ocrx_word' id='word_1_34' title='bbox 51 679 105 732; x_wconf 89' lang='lat' dir='ltr'><strong>tur</strong></span> <span class='ocrx_word' id='word_1_35' title='bbox 111 710 123 741; x_wconf 78' lang='lat'><strong>,</strong></span> <span class='ocrx_word' id='word_1_36' title='bbox 145 671 210 729; x_wconf 86' lang='lat' dir='ltr'><strong>sine</strong></span> <span class='ocrx_word' id='word_1_37' title='bbox 223 666 311 729; x_wconf 89' lang='lat' dir='ltr'><strong>uilius</strong></span> <span class='ocrx_word' id='word_1_38' title='bbox 327 667 519 731; x_wconf 90' lang='lat' dir='ltr'><strong>insectatione</strong></span> <span class='ocrx_word' id='word_1_39' title='bbox 534 688 636 732; x_wconf 90' lang='lat' dir='ltr'><strong>eorum</strong></span> <span class='ocrx_word' id='word_1_40' title='bbox 657 668 739 731; x_wconf 87' lang='lat' dir='ltr'><strong>brevi</strong></span> <span class='ocrx_word' id='word_1_41' title='bbox 758 673 934 733; x_wconf 74' lang='lat' dir='ltr'><strong>sententiam</strong></span> <span class='ocrx_word' id='word_1_42' title='bbox 950 690 1017 750; x_wconf 91' lang='lat' dir='ltr'><strong>per·</strong></span> <span class='ocrx_word' id='word_1_43' title='bbox 1077 679 1079 719; x_wconf 67' lang='grc' dir='ltr'><strong>ἓ</strong></span> 
     </span>
     <span class='ocr_line' id='line_1_6' title="bbox 52 751 1045 834; baseline -0.002 -19"><span class='ocrx_word' id='word_1_44' title='bbox 52 755 204 832; x_wconf 80' lang='lat' dir='ltr'>egissem:</span> <span class='ocrx_word' id='word_1_45' title='bbox 222 751 292 832; x_wconf 87' lang='lat' dir='ltr'><strong>quid</strong></span> <span class='ocrx_word' id='word_1_46' title='bbox 306 752 385 812; x_wconf 90' lang='lat' dir='ltr'><strong>enim</strong></span> <span class='ocrx_word' id='word_1_47' title='bbox 396 751 474 815; x_wconf 89' lang='lat' dir='ltr'><strong>aliud</strong></span> <span class='ocrx_word' id='word_1_48' title='bbox 484 771 572 834; x_wconf 86' lang='lat' dir='ltr'><strong>quam</strong></span> <span class='ocrx_word' id='word_1_49' title='bbox 584 754 762 815; x_wconf 91' lang='lat' dir='ltr'><strong>admonendi</strong></span> <span class='ocrx_word' id='word_1_50' title='bbox 776 756 892 829; x_wconf 91' lang='lat' dir='ltr'><strong>essetis,</strong></span> <span class='ocrx_word' id='word_1_51' title='bbox 907 763 940 815; x_wconf 92' lang='lat' dir='ltr'><strong>ut</strong></span> <span class='ocrx_word' id='word_1_52' title='bbox 954 773 1016 815; x_wconf 93' lang='lat' dir='ltr'><strong>mo·</strong></span> <span class='ocrx_word' id='word_1_53' title='bbox 1028 764 1045 813; x_wconf 82' lang='lat' dir='ltr'><strong>t</strong></span> 
     </span>
     <span class='ocr_line' id='line_1_7' title="bbox 51 833 1019 913; baseline 0.001 -15"><span class='ocrx_word' id='word_1_54' title='bbox 51 855 122 898; x_wconf 89' lang='lat' dir='ltr'><strong>rem</strong></span> <span class='ocrx_word' id='word_1_55' title='bbox 133 833 444 913; x_wconf 88' lang='lat' dir='ltr'><strong>traditumapatribus</strong></span> <span class='ocrx_word' id='word_1_56' title='bbox 455 839 620 898; x_wconf 84' lang='lat' dir='ltr'><strong>necessario</strong></span> <span class='ocrx_word' id='word_1_57' title='bbox 632 837 668 898; x_wconf 94' lang='lat' dir='ltr'><strong>ad</strong></span> <span class='ocrx_word' id='word_1_58' title='bbox 679 855 744 898; x_wconf 90' lang='lat' dir='ltr'><strong>rem</strong></span> <span class='ocrx_word' id='word_1_59' title='bbox 754 838 910 899; x_wconf 90' lang='lat' dir='ltr'><strong>militarem</strong></span> <span class='ocrx_word' id='word_1_60' title='bbox 920 856 1019 899; x_wconf 88' lang='lat' dir='ltr'><strong>exem·</strong></span> 
     </span>
     <span class='ocr_line' id='line_1_8' title="bbox 49 917 1018 1000; baseline 0.001 -20"><span class='ocrx_word' id='word_1_61' title='bbox 49 920 103 1000; x_wconf 92' lang='lat' dir='ltr'><strong>pio</strong></span> <span class='ocrx_word' id='word_1_62' title='bbox 117 918 283 980; x_wconf 85' lang='lat' dir='ltr'><strong>servaretis.</strong></span> <span class='ocrx_word' id='word_1_63' title='bbox 317 936 397 979; x_wconf 88' lang='lat' dir='ltr'><strong>nunc</strong></span> <span class='ocrx_word' id='word_1_64' title='bbox 408 917 519 990; x_wconf 82' lang='lat' dir='ltr'><strong>autem,</strong></span> <span class='ocrx_word' id='word_1_65' title='bbox 535 939 601 982; x_wconf 90' lang='lat' dir='ltr'><strong>cum</strong></span> <span class='ocrx_word' id='word_1_66' title='bbox 612 939 706 1000; x_wconf 84' lang='lat' dir='ltr'>prope</span> <span class='ocrx_word' id='word_1_67' title='bbox 721 921 836 999; x_wconf 81' lang='lat' dir='ltr'><strong>gloriati</strong></span> <span class='ocrx_word' id='word_1_68' title='bbox 851 922 924 991; x_wconf 90' lang='lat' dir='ltr'><strong>sint,</strong></span> <span class='ocrx_word' id='word_1_69' title='bbox 940 919 1018 1000; x_wconf 90' lang='lat' dir='ltr'><strong>quod</strong></span> 
     </span>
    </p>

    <p class='ocr_par' dir='ltr' id='par_1_3' title="bbox 42 1000 1170 2686">
     <span class='ocr_line' id='line_1_9' title="bbox 50 1000 1019 1084; baseline 0 -19"><span class='ocrx_word' id='word_1_70' title='bbox 50 1023 84 1065; x_wconf 89' lang='lat' dir='ltr'><strong>se</strong></span> <span class='ocrx_word' id='word_1_71' title='bbox 101 1001 242 1064; x_wconf 78' lang='lat' dir='ltr'><strong>hostibus</strong></span> <span class='ocrx_word' id='word_1_72' title='bbox 257 1000 436 1074; x_wconf 82' lang='lat' dir='ltr'><strong>dediderint,</strong></span> <span class='ocrx_word' id='word_1_73' title='bbox 457 1003 660 1083; x_wconf 80' lang='lat' dir='ltr'><strong>praeferrique</strong></span> <span class='ocrx_word' id='word_1_74' title='bbox 682 1022 742 1065; x_wconf 90' lang='lat' dir='ltr'><strong>non</strong></span> <span class='ocrx_word' id='word_1_75' title='bbox 764 1007 857 1084; x_wconf 88' lang='lat' dir='ltr'><strong>captis</strong></span> <span class='ocrx_word' id='word_1_76' title='bbox 877 1004 966 1065; x_wconf 91' lang='lat' dir='ltr'><strong>modo</strong></span> <span class='ocrx_word' id='word_1_77' title='bbox 987 1005 1019 1065; x_wconf 90' lang='lat' dir='ltr'><strong>in</strong></span> 
     </span>
     <span class='ocr_line' id='line_1_10' title="bbox 50 1084 1018 1168; baseline -0.002 -19"><span class='ocrx_word' id='word_1_78' title='bbox 50 1089 120 1149; x_wconf 87' lang='lat' dir='ltr'><strong>acie</strong></span> <span class='ocrx_word' id='word_1_79' title='bbox 134 1085 177 1149; x_wconf 74' lang='lat' dir='ltr'><strong>ab,</strong></span> <span class='ocrx_word' id='word_1_80' title='bbox 184 1084 331 1154; x_wconf 87' lang='lat' dir='ltr'><strong>hostibus,</strong></span> <span class='ocrx_word' id='word_1_81' title='bbox 347 1085 399 1145; x_wconf 90' lang='lat' dir='ltr'><strong>sed</strong></span> <span class='ocrx_word' id='word_1_82' title='bbox 410 1087 498 1148; x_wconf 90' lang='lat' dir='ltr'><strong>etiam</strong></span> <span class='ocrx_word' id='word_1_83' title='bbox 508 1088 558 1158; x_wconf 91' lang='lat' dir='ltr'><strong>iis,</strong></span> <span class='ocrx_word' id='word_1_84' title='bbox 574 1090 624 1168; x_wconf 83' lang='lat' dir='ltr'><strong>qui</strong></span> <span class='ocrx_word' id='word_1_85' title='bbox 634 1090 790 1149; x_wconf 88' lang='lat' dir='ltr'><strong>Venusiam</strong></span> <span class='ocrx_word' id='word_1_86' title='bbox 802 1088 1018 1167; x_wconf 81' lang='lat' dir='ltr'><strong>Canusiumque</strong></span> 
     </span>
     <span class='ocr_line' id='line_1_11' title="bbox 47 1169 1017 1250; baseline -0.001 -19"><span class='ocrx_word' id='word_1_87' title='bbox 47 1175 272 1250; x_wconf 85' lang='lat' dir='ltr'><strong>pervenerunt,</strong></span> <span class='ocrx_word' id='word_1_88' title='bbox 295 1176 381 1248; x_wconf 86' lang='lat' dir='ltr'><strong>atque</strong></span> <span class='ocrx_word' id='word_1_89' title='bbox 401 1170 459 1248; x_wconf 91' lang='lat' dir='ltr'><strong>ipsi</strong></span> <span class='ocrx_word' id='word_1_90' title='bbox 480 1170 510 1231; x_wconf 83' lang='lat' dir='ltr'><strong>G.</strong></span> <span class='ocrx_word' id='word_1_91' title='bbox 527 1169 667 1232; x_wconf 84' lang='lat' dir='ltr'><strong>Terentio</strong></span> <span class='ocrx_word' id='word_1_92' title='bbox 692 1170 804 1233; x_wconf 90' lang='lat' dir='ltr'><strong>consuli</strong></span> <span class='ocrx_word' id='word_1_93' title='bbox 823 1189 927 1233; x_wconf 88' lang='lat' dir='ltr'><strong>aecum</strong></span> <span class='ocrx_word' id='word_1_94' title='bbox 948 1189 1017 1231; x_wconf 88' lang='lat' dir='ltr'><strong>cen-</strong></span> 
     </span>
     <span class='ocr_line' id='line_1_12' title="bbox 48 1249 1044 1334; baseline -0.003 -17"><span class='ocrx_word' id='word_1_95' title='bbox 48 1254 188 1322; x_wconf 77' lang='lat' dir='ltr'><strong>suerint,</strong></span> <span class='ocrx_word' id='word_1_96' title='bbox 204 1249 276 1311; x_wconf 90' lang='lat' dir='ltr'><strong>nihil</strong></span> <span class='ocrx_word' id='word_1_97' title='bbox 288 1268 338 1312; x_wconf 88' lang='lat' dir='ltr'><strong>vos</strong></span> <span class='ocrx_word' id='word_1_98' title='bbox 354 1268 470 1321; x_wconf 90' lang='lat' dir='ltr'><strong>eorum,</strong></span> <span class='ocrx_word' id='word_1_99' title='bbox 486 1261 586 1330; x_wconf 89' lang='lat' dir='ltr'><strong>patres</strong></span> <span class='ocrx_word' id='word_1_100' title='bbox 600 1256 772 1333; x_wconf 81' lang='lat' dir='ltr'><strong>conscripti,</strong></span> <span class='ocrx_word' id='word_1_101' title='bbox 789 1274 863 1334; x_wconf 92' lang='lat' dir='ltr'><strong>quae</strong></span> <span class='ocrx_word' id='word_1_102' title='bbox 877 1255 937 1315; x_wconf 91' lang='lat' dir='ltr'><strong>iilic</strong></span> <span class='ocrx_word' id='word_1_103' title='bbox 951 1262 1015 1315; x_wconf 88' lang='lat' dir='ltr'><strong>acta</strong></span> <span class='ocrx_word' id='word_1_104' title='bbox 1027 1262 1044 1314; x_wconf 87' lang='lat'>8</span> 
     </span>
     <span class='ocr_line' id='line_1_13' title="bbox 51 1334 1018 1417; baseline 0 -19"><span class='ocrx_word' id='word_1_105' title='bbox 51 1345 142 1406; x_wconf 87' lang='lat' dir='ltr'><strong>sunt,</strong></span> <span class='ocrx_word' id='word_1_106' title='bbox 162 1334 300 1412; x_wconf 84' lang='lat' dir='ltr'><strong>ignorare</strong></span> <span class='ocrx_word' id='word_1_107' title='bbox 314 1336 418 1414; x_wconf 88' lang='lat' dir='ltr'><strong>patiar.</strong></span> <span class='ocrx_word' id='word_1_108' title='bbox 452 1344 539 1415; x_wconf 89' lang='lat' dir='ltr'><strong>atque</strong></span> <span class='ocrx_word' id='word_1_109' title='bbox 555 1339 666 1398; x_wconf 85' lang='lat' dir='ltr'><strong>utinam</strong></span> <span class='ocrx_word' id='word_1_110' title='bbox 682 1337 770 1407; x_wconf 90' lang='lat' dir='ltr'><strong>haec,</strong></span> <span class='ocrx_word' id='word_1_111' title='bbox 787 1356 861 1416; x_wconf 90' lang='lat' dir='ltr'><strong>quae</strong></span> <span class='ocrx_word' id='word_1_112' title='bbox 878 1339 955 1417; x_wconf 90' lang='lat' dir='ltr'><strong>apud</strong></span> <span class='ocrx_word' id='word_1_113' title='bbox 968 1356 1018 1398; x_wconf 92' lang='lat' dir='ltr'><strong>vos</strong></span> 
     </span>
     <span class='ocr_line' id='line_1_14' title="bbox 48 1417 1017 1498; baseline -0.003 -15"><span class='ocrx_word' id='word_1_114' title='bbox 48 1429 177 1483; x_wconf 82' lang='lat' dir='ltr'><strong>acturus</strong></span> <span class='ocrx_word' id='word_1_115' title='bbox 193 1436 274 1489; x_wconf 89' lang='lat' dir='ltr'><strong>sum,</strong></span> <span class='ocrx_word' id='word_1_116' title='bbox 290 1417 397 1479; x_wconf 78' lang='lat' dir='ltr'><strong>Canusi</strong></span> <span class='ocrx_word' id='word_1_117' title='bbox 412 1418 490 1498; x_wconf 91' lang='lat' dir='ltr'><strong>apud</strong></span> <span class='ocrx_word' id='word_1_118' title='bbox 505 1420 601 1498; x_wconf 91' lang='lat' dir='ltr'><strong>ipsum</strong></span> <span class='ocrx_word' id='word_1_119' title='bbox 615 1422 777 1480; x_wconf 82' lang='lat' dir='ltr'><strong>exercitum</strong></span> <span class='ocrx_word' id='word_1_120' title='bbox 792 1436 925 1498; x_wconf 84' lang='lat' dir='ltr'><strong>agerem,</strong></span> <span class='ocrx_word' id='word_1_121' title='bbox 941 1422 1017 1498; x_wconf 86' lang='lat' dir='ltr'><strong>opti·</strong></span> 
     </span>
     <span class='ocr_line' id='line_1_15' title="bbox 48 1502 1016 1582; baseline -0.003 -17"><span class='ocrx_word' id='word_1_122' title='bbox 48 1521 138 1572; x_wconf 87' lang='lat' dir='ltr'><strong>mum</strong></span> <span class='ocrx_word' id='word_1_123' title='bbox 152 1509 257 1562; x_wconf 90' lang='lat' dir='ltr'><strong>testem</strong></span> <span class='ocrx_word' id='word_1_124' title='bbox 268 1502 400 1579; x_wconf 86' lang='lat' dir='ltr'><strong>ignaviae</strong></span> <span class='ocrx_word' id='word_1_125' title='bbox 411 1504 551 1582; x_wconf 88' lang='lat' dir='ltr'><strong>cuiusque</strong></span> <span class='ocrx_word' id='word_1_126' title='bbox 563 1510 592 1563; x_wconf 90' lang='lat' dir='ltr'><strong>et</strong></span> <span class='ocrx_word' id='word_1_127' title='bbox 602 1505 732 1572; x_wconf 87' lang='lat' dir='ltr'><strong>virtutis,</strong></span> <span class='ocrx_word' id='word_1_128' title='bbox 748 1509 886 1564; x_wconf 88' lang='lat' dir='ltr'><strong>autunus</strong></span> <span class='ocrx_word' id='word_1_129' title='bbox 899 1503 948 1562; x_wconf 88' lang='lat' dir='ltr'><strong>bic</strong></span> <span class='ocrx_word' id='word_1_130' title='bbox 960 1502 1016 1563; x_wconf 92' lang='lat' dir='ltr'><strong>sai·</strong></span> 
     </span>
     <span class='ocr_line' id='line_1_16' title="bbox 48 1584 1015 1666; baseline -0.005 -17"><span class='ocrx_word' id='word_1_131' title='bbox 48 1597 113 1649; x_wconf 89' lang='lat' dir='ltr'><strong>tem</strong></span> <span class='ocrx_word' id='word_1_132' title='bbox 136 1584 253 1645; x_wconf 83' lang='lat' dir='ltr'><strong>adesset</strong></span> <span class='ocrx_word' id='word_1_133' title='bbox 275 1585 307 1646; x_wconf 88' lang='lat' dir='ltr'><strong>P.</strong></span> <span class='ocrx_word' id='word_1_134' title='bbox 329 1585 534 1663; x_wconf 84' lang='lat' dir='ltr'><strong>Sempronius,</strong></span> <span class='ocrx_word' id='word_1_135' title='bbox 560 1605 647 1666; x_wconf 89' lang='lat' dir='ltr'><strong>quern</strong></span> <span class='ocrx_word' id='word_1_136' title='bbox 674 1587 699 1647; x_wconf 90' lang='lat' dir='ltr'><strong>si</strong></span> <span class='ocrx_word' id='word_1_137' title='bbox 724 1587 771 1645; x_wconf 90' lang='lat' dir='ltr'><strong>isti</strong></span> <span class='ocrx_word' id='word_1_138' title='bbox 798 1585 901 1646; x_wconf 87' lang='lat' dir='ltr'><strong>ducem</strong></span> <span class='ocrx_word' id='word_1_139' title='bbox 922 1587 1015 1645; x_wconf 91' lang='lat' dir='ltr'><strong>secuti</strong></span> 
     </span>
     <span class='ocr_line' id='line_1_17' title="bbox 47 1666 1016 1746; baseline -0.007 -13"><span class='ocrx_word' id='word_1_140' title='bbox 47 1676 171 1738; x_wconf 89' lang='lat' dir='ltr'><strong>essent,</strong></span> <span class='ocrx_word' id='word_1_141' title='bbox 191 1666 298 1728; x_wconf 88' lang='lat' dir='ltr'><strong>miiites</strong></span> <span class='ocrx_word' id='word_1_142' title='bbox 318 1666 407 1728; x_wconf 91' lang='lat' dir='ltr'><strong>hodie</strong></span> <span class='ocrx_word' id='word_1_143' title='bbox 427 1671 457 1728; x_wconf 90' lang='lat' dir='ltr'><strong>in</strong></span> <span class='ocrx_word' id='word_1_144' title='bbox 480 1671 583 1730; x_wconf 88' lang='lat' dir='ltr'><strong>eastris</strong></span> <span class='ocrx_word' id='word_1_145' title='bbox 600 1670 753 1738; x_wconf 85' lang='lat' dir='ltr'><strong>Romanis,</strong></span> <span class='ocrx_word' id='word_1_146' title='bbox 779 1685 839 1729; x_wconf 93' lang='lat' dir='ltr'><strong>non</strong></span> <span class='ocrx_word' id='word_1_147' title='bbox 860 1669 966 1746; x_wconf 84' lang='lat' dir='ltr'><strong>captivi</strong></span> <span class='ocrx_word' id='word_1_148' title='bbox 985 1669 1016 1727; x_wconf 92' lang='lat' dir='ltr'><strong>in</strong></span> 
     </span>
     <span class='ocr_line' id='line_1_18' title="bbox 46 1748 1043 1832; baseline -0.007 -15"><span class='ocrx_word' id='word_1_149' title='bbox 46 1753 185 1817; x_wconf 90' lang='lat' dir='ltr'><strong>bostium</strong></span> <span class='ocrx_word' id='word_1_150' title='bbox 200 1760 344 1832; x_wconf 86' lang='lat' dir='ltr'><strong>potestate</strong></span> <span class='ocrx_word' id='word_1_151' title='bbox 357 1760 464 1813; x_wconf 85' lang='lat' dir='ltr'><strong>essent</strong></span> <span class='ocrx_word' id='word_1_152' title='bbox 498 1753 549 1814; x_wconf 92' lang='lat' dir='ltr'><strong>sed</strong></span> <span class='ocrx_word' id='word_1_153' title='bbox 564 1771 631 1813; x_wconf 92' lang='lat' dir='ltr'><strong>cum</strong></span> <span class='ocrx_word' id='word_1_154' title='bbox 647 1753 732 1814; x_wconf 83' lang='lat' dir='ltr'><strong>fessis</strong></span> <span class='ocrx_word' id='word_1_155' title='bbox 748 1748 907 1831; x_wconf 83' lang='lat' dir='ltr'><strong>pugnando</strong></span> <span class='ocrx_word' id='word_1_156' title='bbox 923 1752 1043 1812; x_wconf 79' lang='lat' dir='ltr'><strong>hosti-ii</strong></span> 
     </span>
     <span class='ocr_line' id='line_1_19' title="bbox 46 1833 1014 1916; baseline -0.003 -17"><span class='ocrx_word' id='word_1_157' title='bbox 46 1838 122 1906; x_wconf 88' lang='lat' dir='ltr'><strong>bus,</strong></span> <span class='ocrx_word' id='word_1_158' title='bbox 145 1842 209 1896; x_wconf 88' lang='lat' dir='ltr'><strong>tum</strong></span> <span class='ocrx_word' id='word_1_159' title='bbox 224 1836 345 1895; x_wconf 87' lang='lat' dir='ltr'><strong>victoria</strong></span> <span class='ocrx_word' id='word_1_160' title='bbox 358 1833 441 1895; x_wconf 85' lang='lat' dir='ltr'><strong>iactis</strong></span> <span class='ocrx_word' id='word_1_161' title='bbox 457 1844 488 1896; x_wconf 92' lang='lat' dir='ltr'><strong>et</strong></span> <span class='ocrx_word' id='word_1_162' title='bbox 503 1838 575 1915; x_wconf 93' lang='lat' dir='ltr'><strong>ipsis</strong></span> <span class='ocrx_word' id='word_1_163' title='bbox 599 1836 746 1916; x_wconf 88' lang='lat' dir='ltr'><strong>plerisque</strong></span> <span class='ocrx_word' id='word_1_164' title='bbox 760 1837 904 1914; x_wconf 81' lang='lat' dir='ltr'><strong>regressis</strong></span> <span class='ocrx_word' id='word_1_165' title='bbox 920 1836 952 1894; x_wconf 89' lang='lat' dir='ltr'><strong>in</strong></span> <span class='ocrx_word' id='word_1_166' title='bbox 967 1853 1014 1896; x_wconf 90' lang='lat' dir='ltr'><strong>ca-</strong></span> 
     </span>
     <span class='ocr_line' id='line_1_20' title="bbox 45 1917 1015 1999; baseline -0.005 -15"><span class='ocrx_word' id='word_1_167' title='bbox 45 1931 115 1984; x_wconf 82' lang='lat' dir='ltr'><strong>stra</strong></span> <span class='ocrx_word' id='word_1_168' title='bbox 130 1936 198 1988; x_wconf 89' lang='lat' dir='ltr'><strong>sua,</strong></span> <span class='ocrx_word' id='word_1_169' title='bbox 221 1926 338 1978; x_wconf 89' lang='lat' dir='ltr'><strong>noctem</strong></span> <span class='ocrx_word' id='word_1_170' title='bbox 358 1918 394 1978; x_wconf 91' lang='lat' dir='ltr'><strong>ad</strong></span> <span class='ocrx_word' id='word_1_171' title='bbox 412 1920 626 1999; x_wconf 90' lang='lat' dir='ltr'><strong>erumpendum</strong></span> <span class='ocrx_word' id='word_1_172' title='bbox 640 1919 763 1982; x_wconf 86' lang='lat' dir='ltr'><strong>liberam</strong></span> <span class='ocrx_word' id='word_1_173' title='bbox 778 1917 964 1990; x_wconf 87' lang='lat' dir='ltr'><strong>habuissent,</strong></span> <span class='ocrx_word' id='word_1_174' title='bbox 986 1926 1015 1980; x_wconf 94' lang='lat' dir='ltr'><strong>et</strong></span> 
     </span>
     <span class='ocr_line' id='line_1_21' title="bbox 44 2000 1014 2085; baseline -0.004 -19"><span class='ocrx_word' id='word_1_175' title='bbox 44 2010 168 2085; x_wconf 83' lang='lat' dir='ltr'><strong>septem</strong></span> <span class='ocrx_word' id='word_1_176' title='bbox 186 2000 267 2063; x_wconf 90' lang='lat' dir='ltr'><strong>milia</strong></span> <span class='ocrx_word' id='word_1_177' title='bbox 292 2008 472 2064; x_wconf 89' lang='lat' dir='ltr'><strong>armatorum</strong></span> <span class='ocrx_word' id='word_1_178' title='bbox 494 2004 648 2065; x_wconf 90' lang='lat' dir='ltr'><strong>bominum</strong></span> <span class='ocrx_word' id='word_1_179' title='bbox 668 2021 825 2084; x_wconf 87' lang='lat' dir='ltr'><strong>erumpere</strong></span> <span class='ocrx_word' id='word_1_180' title='bbox 845 2005 933 2064; x_wconf 89' lang='lat' dir='ltr'><strong>etiarn</strong></span> <span class='ocrx_word' id='word_1_181' title='bbox 954 2021 1014 2079; x_wconf 82' lang='lat' dir='ltr'><strong>per</strong></span> 
     </span>
     <span class='ocr_line' id='line_1_22' title="bbox 46 2086 1014 2167; baseline -0.006 -17"><span class='ocrx_word' id='word_1_182' title='bbox 46 2086 204 2150; x_wconf 83' lang='lat' dir='ltr'><strong>coniertos</strong></span> <span class='ocrx_word' id='word_1_183' title='bbox 212 2086 312 2147; x_wconf 87' lang='lat' dir='ltr'><strong>hostes</strong></span> <span class='ocrx_word' id='word_1_184' title='bbox 322 2093 462 2165; x_wconf 90' lang='lat' dir='ltr'><strong>possent,</strong></span> <span class='ocrx_word' id='word_1_185' title='bbox 479 2104 575 2167; x_wconf 92' lang='lat' dir='ltr'><strong>neque</strong></span> <span class='ocrx_word' id='word_1_186' title='bbox 589 2105 644 2166; x_wconf 94' lang='lat' dir='ltr'><strong>per</strong></span> <span class='ocrx_word' id='word_1_187' title='bbox 654 2106 686 2148; x_wconf 90' lang='lat' dir='ltr'><strong>se</strong></span> <span class='ocrx_word' id='word_1_188' title='bbox 697 2089 754 2167; x_wconf 90' lang='lat' dir='ltr'><strong>ipsi</strong></span> <span class='ocrx_word' id='word_1_189' title='bbox 764 2088 793 2148; x_wconf 91' lang='lat' dir='ltr'><strong>id</strong></span> <span class='ocrx_word' id='word_1_190' title='bbox 805 2088 904 2148; x_wconf 87' lang='lat' dir='ltr'><strong>iacere</strong></span> <span class='ocrx_word' id='word_1_191' title='bbox 914 2088 1014 2146; x_wconf 87' lang='lat' dir='ltr'><strong>conati</strong></span> 
     </span>
     <span class='ocr_line' id='line_1_23' title="bbox 44 2168 1036 2249; baseline -0.007 -16"><span class='ocrx_word' id='word_1_192' title='bbox 44 2177 123 2233; x_wconf 90' lang='lat' dir='ltr'><strong>sunt</strong></span> <span class='ocrx_word' id='word_1_193' title='bbox 142 2186 239 2249; x_wconf 89' lang='lat' dir='ltr'><strong>nequo</strong></span> <span class='ocrx_word' id='word_1_194' title='bbox 260 2168 350 2230; x_wconf 91' lang='lat' dir='ltr'><strong>aliurn</strong></span> <span class='ocrx_word' id='word_1_195' title='bbox 371 2171 454 2248; x_wconf 82' lang='lat' dir='ltr'><strong>sequi</strong></span> <span class='ocrx_word' id='word_1_196' title='bbox 474 2169 637 2231; x_wconf 87' lang='lat' dir='ltr'><strong>voluerunt.</strong></span> <span class='ocrx_word' id='word_1_197' title='bbox 677 2179 763 2232; x_wconf 87' lang='lat' dir='ltr'><strong>nocte</strong></span> <span class='ocrx_word' id='word_1_198' title='bbox 785 2187 878 2248; x_wconf 93' lang='lat' dir='ltr'><strong>prope</strong></span> <span class='ocrx_word' id='word_1_199' title='bbox 900 2176 961 2229; x_wconf 94' lang='lat' dir='ltr'><strong>tota</strong></span> <span class='ocrx_word' id='word_1_200' title='bbox 977 2168 1036 2227; x_wconf 89' lang='lat' dir='ltr'><strong>P.1</strong></span> 
     </span>
     <span class='ocr_line' id='line_1_24' title="bbox 43 2252 1010 2332; baseline -0.008 -15"><span class='ocrx_word' id='word_1_201' title='bbox 43 2254 247 2332; x_wconf 89' lang='lat' dir='ltr'><strong>Sempronius</strong></span> <span class='ocrx_word' id='word_1_202' title='bbox 258 2252 421 2313; x_wconf 82' lang='lat' dir='ltr'><strong>Tuditanus</strong></span> <span class='ocrx_word' id='word_1_203' title='bbox 436 2270 495 2314; x_wconf 92' lang='lat' dir='ltr'><strong>non</strong></span> <span class='ocrx_word' id='word_1_204' title='bbox 508 2254 619 2314; x_wconf 87' lang='lat' dir='ltr'><strong>destitit</strong></span> <span class='ocrx_word' id='word_1_205' title='bbox 633 2271 769 2323; x_wconf 90' lang='lat' dir='ltr'><strong>monere,</strong></span> <span class='ocrx_word' id='word_1_206' title='bbox 785 2252 936 2312; x_wconf 90' lang='lat' dir='ltr'><strong>adhortari</strong></span> <span class='ocrx_word' id='word_1_207' title='bbox 952 2267 1010 2320; x_wconf 90' lang='lat' dir='ltr'><strong>eos,</strong></span> 
     </span>
     <span class='ocr_line' id='line_1_25' title="bbox 44 2333 1012 2416; baseline -0.004 -17"><span class='ocrx_word' id='word_1_208' title='bbox 44 2339 124 2399; x_wconf 88' lang='lat' dir='ltr'><strong>dum</strong></span> <span class='ocrx_word' id='word_1_209' title='bbox 140 2338 272 2415; x_wconf 87' lang='lat' dir='ltr'><strong>pancitas</strong></span> <span class='ocrx_word' id='word_1_210' title='bbox 283 2336 412 2396; x_wconf 86' lang='lat' dir='ltr'><strong>hostium</strong></span> <span class='ocrx_word' id='word_1_211' title='bbox 424 2336 503 2397; x_wconf 88' lang='lat' dir='ltr'><strong>cirea</strong></span> <span class='ocrx_word' id='word_1_212' title='bbox 517 2344 626 2404; x_wconf 88' lang='lat' dir='ltr'><strong>castra,</strong></span> <span class='ocrx_word' id='word_1_213' title='bbox 642 2336 712 2397; x_wconf 89' lang='lat' dir='ltr'><strong>darn</strong></span> <span class='ocrx_word' id='word_1_214' title='bbox 723 2338 807 2416; x_wconf 85' lang='lat' dir='ltr'><strong>quies</strong></span> <span class='ocrx_word' id='word_1_215' title='bbox 817 2352 852 2395; x_wconf 88' lang='lat' dir='ltr'><strong>ac</strong></span> <span class='ocrx_word' id='word_1_216' title='bbox 864 2333 1012 2395; x_wconf 87' lang='lat' dir='ltr'><strong>silentium</strong></span> 
     </span>
     <span class='ocr_line' id='line_1_26' title="bbox 43 2418 1011 2499; baseline -0.006 -17"><span class='ocrx_word' id='word_1_217' title='bbox 43 2427 144 2489; x_wconf 89' lang='lat' dir='ltr'><strong>esset,</strong></span> <span class='ocrx_word' id='word_1_218' title='bbox 166 2418 236 2480; x_wconf 92' lang='lat' dir='ltr'><strong>dnm</strong></span> <span class='ocrx_word' id='word_1_219' title='bbox 251 2438 310 2479; x_wconf 83' lang='lat' dir='ltr'><strong>nox</strong></span> <span class='ocrx_word' id='word_1_220' title='bbox 326 2421 476 2499; x_wconf 87' lang='lat' dir='ltr'><strong>inceptum</strong></span> <span class='ocrx_word' id='word_1_221' title='bbox 490 2428 591 2496; x_wconf 82' lang='lat' dir='ltr'><strong>tegere</strong></span> <span class='ocrx_word' id='word_1_222' title='bbox 605 2431 705 2498; x_wconf 88' lang='lat' dir='ltr'><strong>posset</strong></span> <span class='ocrx_word' id='word_1_223' title='bbox 735 2438 770 2496; x_wconf 82' lang='lat' dir='ltr'><strong>se</strong></span> <span class='ocrx_word' id='word_1_224' title='bbox 785 2418 889 2480; x_wconf 83' lang='lat' dir='ltr'><strong>ducem</strong></span> <span class='ocrx_word' id='word_1_225' title='bbox 907 2434 1011 2496; x_wconf 88' lang='lat' dir='ltr'><strong>seque·</strong></span> 
     </span>
     <span class='ocr_line' id='line_1_27' title="bbox 42 2501 1170 2566; baseline -0.01 0"><span class='ocrx_word' id='word_1_226' title='bbox 42 2511 171 2566; x_wconf 86' lang='lat' dir='ltr'><strong>rentur:</strong></span> <span class='ocrx_word' id='word_1_227' title='bbox 193 2511 260 2564; x_wconf 91' lang='lat' dir='ltr'><strong>ante</strong></span> <span class='ocrx_word' id='word_1_228' title='bbox 281 2502 378 2563; x_wconf 86' lang='lat' dir='ltr'><strong>iucem</strong></span> <span class='ocrx_word' id='word_1_229' title='bbox 397 2505 553 2564; x_wconf 82' lang='lat' dir='ltr'><strong>pervenire</strong></span> <span class='ocrx_word' id='word_1_230' title='bbox 572 2504 602 2562; x_wconf 92' lang='lat' dir='ltr'><strong>in</strong></span> <span class='ocrx_word' id='word_1_231' title='bbox 625 2511 685 2563; x_wconf 87' lang='lat' dir='ltr'><strong>tuta</strong></span> <span class='ocrx_word' id='word_1_232' title='bbox 706 2502 777 2565; x_wconf 84' lang='lat' dir='ltr'><strong>ioca.</strong></span> <span class='ocrx_word' id='word_1_233' title='bbox 812 2502 845 2560; x_wconf 92' lang='lat' dir='ltr'><strong>in</strong></span> <span class='ocrx_word' id='word_1_234' title='bbox 863 2501 1011 2561; x_wconf 88' lang='lat' dir='ltr'><strong>sociorum</strong></span> <span class='ocrx_word' id='word_1_235' title='bbox 1169 2544 1170 2555; x_wconf 67' lang='grc'>,</span> 
     </span>
     <span class='ocr_line' id='line_1_28' title="bbox 42 2581 1154 2686; baseline -0.011 -36"><span class='ocrx_word' id='word_1_236' title='bbox 42 2587 143 2650; x_wconf 87' lang='lat' dir='ltr'><strong>urbes</strong></span> <span class='ocrx_word' id='word_1_237' title='bbox 157 2604 253 2665; x_wconf 89' lang='lat' dir='ltr'><strong>posse.</strong></span> <span class='ocrx_word' id='word_1_238' title='bbox 282 2590 310 2647; x_wconf 82' lang='lat' dir='ltr'><strong>si</strong></span> <span class='ocrx_word' id='word_1_239' title='bbox 327 2587 403 2648; x_wconf 90' lang='lat' dir='ltr'><strong>sieut</strong></span> <span class='ocrx_word' id='word_1_240' title='bbox 417 2603 536 2647; x_wconf 86' lang='lat' dir='ltr'><strong>avorum</strong></span> <span class='ocrx_word' id='word_1_241' title='bbox 552 2591 693 2647; x_wconf 89' lang='lat' dir='ltr'><strong>memoria</strong></span> <span class='ocrx_word' id='word_1_242' title='bbox 707 2584 739 2645; x_wconf 90' lang='lat' dir='ltr'><strong>P.</strong></span> <span class='ocrx_word' id='word_1_243' title='bbox 754 2585 859 2645; x_wconf 85' lang='lat' dir='ltr'><strong>Decius</strong></span> <span class='ocrx_word' id='word_1_244' title='bbox 875 2581 1009 2643; x_wconf 91' lang='lat' dir='ltr'><strong>tribunus</strong></span> <span class='ocrx_word' id='word_1_245' title='bbox 1022 2590 1050 2640; x_wconf 92' lang='grc'><strong>11</strong></span> <span class='ocrx_word' id='word_1_246' title='bbox 1117 2605 1154 2686; x_wconf 48' lang='lat'><em>5</em></span> 
     </span>
    </p>
   </div>
   <div class='ocr_carea' id='block_1_3' title="bbox 36 2665 1169 2990">
    <p class='ocr_par' dir='ltr' id='par_1_4' title="bbox 36 2665 1169 2990">
     <span class='ocr_line' id='line_1_29' title="bbox 43 2665 1025 2762; baseline -0.008 -28"><span class='ocrx_word' id='word_1_247' title='bbox 43 2669 177 2734; x_wconf 90' lang='lat' dir='ltr'><strong>militum</strong></span> <span class='ocrx_word' id='word_1_248' title='bbox 192 2671 224 2730; x_wconf 91' lang='lat' dir='ltr'><strong>in</strong></span> <span class='ocrx_word' id='word_1_249' title='bbox 239 2670 364 2731; x_wconf 90' lang='lat' dir='ltr'><strong>Samnio</strong></span> <span class='ocrx_word' id='word_1_250' title='bbox 395 2665 1025 2762; x_wconf 45' lang='lat' dir='ltr'><strong>Qa-‹iaeffluiesemtrinmriomiu-</strong></span> 
     </span>
     <span class='ocr_line' id='line_1_30' title="bbox 42 2705 1142 2899; baseline -0.011 -54"><span class='ocrx_word' id='word_1_251' title='bbox 42 2750 1023 2899; x_wconf 44' lang='lat' dir='ltr'><strong>npupffluumuumgmwmsmms</strong></span> <span class='ocrx_word' id='word_1_252' title='bbox 1078 2705 1142 2833; x_wconf 58' lang='lat' dir='ltr'><strong>ri</strong></span> 
     </span>
     <span class='ocr_line' id='line_1_31' title="bbox 44 2833 1169 2915; baseline -0.002 -16"><span class='ocrx_word' id='word_1_253' title='bbox 44 2858 62 2899; x_wconf 92' lang='lat' dir='ltr'><strong>a</strong></span> <span class='ocrx_word' id='word_1_254' title='bbox 107 2844 172 2897; x_wconf 88' lang='lat' dir='ltr'><strong>turn</strong></span> <span class='ocrx_word' id='word_1_255' title='bbox 204 2856 255 2897; x_wconf 92' lang='lat' dir='ltr'><strong>um</strong></span> <span class='ocrx_word' id='word_1_256' title='bbox 276 2854 326 2897; x_wconf 93' lang='lat' dir='ltr'><strong>eos</strong></span> <span class='ocrx_word' id='word_1_257' title='bbox 351 2835 525 2915; x_wconf 88' lang='lat' dir='ltr'><strong>capiendum</strong></span> <span class='ocrx_word' id='word_1_258' title='bbox 545 2854 571 2896; x_wconf 78' lang='lat' dir='ltr'><strong>st</strong></span> <span class='ocrx_word' id='word_1_259' title='bbox 584 2853 633 2896; x_wconf 90' lang='lat' dir='ltr'><strong>um</strong></span> <span class='ocrx_word' id='word_1_260' title='bbox 654 2853 685 2899; x_wconf 84' lang='lat'><strong>111</strong></span> <span class='ocrx_word' id='word_1_261' title='bbox 699 2853 732 2896; x_wconf 93' lang='lat' dir='ltr'><strong>er</strong></span> <span class='ocrx_word' id='word_1_262' title='bbox 752 2834 865 2896; x_wconf 90' lang='lat' dir='ltr'><strong>medios</strong></span> <span class='ocrx_word' id='word_1_263' title='bbox 889 2833 999 2904; x_wconf 72' lang='lat' dir='ltr'><strong>ducere</strong></span> <span class='ocrx_word' id='word_1_264' title='bbox 1168 2854 1169 2897; x_wconf 80' lang='lat' dir='ltr'><strong>i</strong></span> 
     </span>
     <span class='ocr_line' id='line_1_32' title="bbox 36 2900 1009 2990; baseline -0.003 -9"><span class='ocrx_word' id='word_1_265' title='bbox 36 2900 158 2988; x_wconf 61' lang='lat' dir='ltr'><strong>Rem,</strong></span> <span class='ocrx_word' id='word_1_266' title='bbox 254 2936 529 2990; x_wconf 86' lang='lat' dir='ltr'><strong>:„morramm,m</strong></span> <span class='ocrx_word' id='word_1_267' title='bbox 575 2938 606 2980; x_wconf 91' lang='lat' dir='ltr'><strong>es</strong></span> <span class='ocrx_word' id='word_1_268' title='bbox 637 2939 653 2980; x_wconf 90' lang='lat' dir='ltr'><strong>e</strong></span> <span class='ocrx_word' id='word_1_269' title='bbox 681 2935 830 2980; x_wconf 87' lang='lat' dir='ltr'><strong>morene</strong></span> <span class='ocrx_word' id='word_1_270' title='bbox 969 2917 1009 2962; x_wconf 82' lang='lat'><strong>‘-</strong></span> 
     </span>
    </p>
   </div>
   <div class='ocr_carea' id='block_1_4' title="bbox 42 3000 1168 3499">
    <p class='ocr_par' dir='ltr' id='par_1_5' title="bbox 42 3000 1168 3499">
     <span class='ocr_line' id='line_1_33' title="bbox 42 3000 1168 3066; baseline -0.01 0"><span class='ocrx_word' id='word_1_271' title='bbox 42 3023 77 3066; x_wconf 90' lang='lat' dir='ltr'><strong>m</strong></span> <span class='ocrx_word' id='word_1_272' title='bbox 131 3021 169 3063; x_wconf 84' lang='lat' dir='ltr'><strong>ex</strong></span> <span class='ocrx_word' id='word_1_273' title='bbox 184 3003 247 3063; x_wconf 80' lang='lat' dir='ltr'><strong>obsi</strong></span> <span class='ocrx_word' id='word_1_274' title='bbox 298 3020 336 3064; x_wconf 91' lang='lat' dir='ltr'><strong>ne</strong></span> <span class='ocrx_word' id='word_1_275' title='bbox 354 3011 565 3064; x_wconf 80' lang='lat' dir='ltr'><strong>circumventas</strong></span> <span class='ocrx_word' id='word_1_276' title='bbox 580 3002 608 3063; x_wconf 94' lang='lat' dir='ltr'><strong>ie</strong></span> <span class='ocrx_word' id='word_1_277' title='bbox 629 3005 712 3064; x_wconf 90' lang='lat' dir='ltr'><strong>iones</strong></span> <span class='ocrx_word' id='word_1_278' title='bbox 729 3013 748 3036; x_wconf 79' lang='lat'><strong>‘⁴</strong></span> <span class='ocrx_word' id='word_1_279' title='bbox 765 3004 790 3062; x_wconf 91' lang='lat' dir='ltr'><strong>si</strong></span> <span class='ocrx_word' id='word_1_280' title='bbox 804 3000 861 3061; x_wconf 89' lang='lat' dir='ltr'><strong>boc</strong></span> <span class='ocrx_word' id='word_1_281' title='bbox 876 3000 908 3061; x_wconf 87' lang='lat' dir='ltr'><strong>P.</strong></span> <span class='ocrx_word' id='word_1_282' title='bbox 924 3000 1006 3059; x_wconf 91' lang='lat' dir='ltr'><strong>Sem·</strong></span> <span class='ocrx_word' id='word_1_283' title='bbox 1018 3005 1051 3055; x_wconf 76' lang='lat'><strong>12</strong></span> <span class='ocrx_word' id='word_1_284' title='bbox 1167 3062 1168 3065; x_wconf 8' lang='grc' dir='ltr'><strong>Ἴ</strong></span> 
     </span>
     <span class='ocr_line' id='line_1_34' title="bbox 42 3073 1168 3171; baseline -0.007 -24"><span class='ocrx_word' id='word_1_285' title='bbox 42 3087 173 3168; x_wconf 86' lang='lat' dir='ltr'><strong>pronius</strong></span> <span class='ocrx_word' id='word_1_286' title='bbox 188 3073 314 3156; x_wconf 82' lang='lat' dir='ltr'><strong>diceret,</strong></span> <span class='ocrx_word' id='word_1_287' title='bbox 330 3081 628 3166; x_wconf 85' lang='lat' dir='ltr'><strong>ir&#39;ec&#39;uequidem</strong></span> <span class='ocrx_word' id='word_1_288' title='bbox 649 3103 705 3146; x_wconf 87' lang='lat' dir='ltr'><strong>nee</strong></span> <span class='ocrx_word' id='word_1_289' title='bbox 719 3086 872 3165; x_wconf 83' lang='lat' dir='ltr'><strong>¹Romanos</strong></span> <span class='ocrx_word' id='word_1_290' title='bbox 891 3099 942 3142; x_wconf 84' lang='lat' dir='ltr'><strong>vos</strong></span> <span class='ocrx_word' id='word_1_291' title='bbox 955 3080 1008 3141; x_wconf 88' lang='lat' dir='ltr'><strong>du·</strong></span> <span class='ocrx_word' id='word_1_292' title='bbox 1165 3110 1168 3171; x_wconf 62' lang='lat'><strong>,¹</strong></span> 
     </span>
     <span class='ocr_line' id='line_1_35' title="bbox 44 3166 1168 3239; baseline -0.008 -8"><span class='ocrx_word' id='word_1_293' title='bbox 44 3188 166 3239; x_wconf 85' lang='lat' dir='ltr'><strong>cerem,</strong></span> <span class='ocrx_word' id='word_1_294' title='bbox 181 3170 308 3234; x_wconf 81' lang='lat' dir='ltr'><strong>sinemo</strong></span> <span class='ocrx_word' id='word_1_295' title='bbox 325 3177 422 3231; x_wconf 90' lang='lat' dir='ltr'><strong>tantae</strong></span> <span class='ocrx_word' id='word_1_296' title='bbox 437 3171 552 3231; x_wconf 83' lang='lat' dir='ltr'><strong>virtutis</strong></span> <span class='ocrx_word' id='word_1_297' title='bbox 562 3171 705 3231; x_wconf 83' lang='lat' dir='ltr'><strong>extitisset</strong></span> <span class='ocrx_word' id='word_1_298' title='bbox 720 3185 828 3229; x_wconf 87' lang='lat' dir='ltr'><strong>comes.</strong></span> <span class='ocrx_word' id='word_1_299' title='bbox 859 3166 935 3226; x_wconf 88' lang='lat' dir='ltr'><strong>viam</strong></span> <span class='ocrx_word' id='word_1_300' title='bbox 946 3181 1006 3224; x_wconf 91' lang='lat' dir='ltr'><strong>non</strong></span> <span class='ocrx_word' id='word_1_301' title='bbox 1020 3171 1051 3223; x_wconf 81' lang='grc'><strong>13</strong></span> <span class='ocrx_word' id='word_1_302' title='bbox 1167 3186 1168 3215; x_wconf 69' lang='lat' dir='ltr'><strong>r</strong></span> 
     </span>
     <span class='ocr_line' id='line_1_36' title="bbox 44 3249 1167 3332; baseline -0.009 -18"><span class='ocrx_word' id='word_1_303' title='bbox 44 3254 85 3314; x_wconf 88' lang='lat' dir='ltr'><strong>ad</strong></span> <span class='ocrx_word' id='word_1_304' title='bbox 101 3252 228 3332; x_wconf 82' lang='lat' dir='ltr'><strong>gloriam</strong></span> <span class='ocrx_word' id='word_1_305' title='bbox 252 3254 345 3331; x_wconf 82' lang='lat' dir='ltr'><strong>magis</strong></span> <span class='ocrx_word' id='word_1_306' title='bbox 362 3269 449 3332; x_wconf 67' lang='lat' dir='ltr'><strong>mam</strong></span> <span class='ocrx_word' id='word_1_307' title='bbox 464 3252 501 3314; x_wconf 90' lang='lat' dir='ltr'><strong>ad</strong></span> <span class='ocrx_word' id='word_1_308' title='bbox 516 3252 638 3315; x_wconf 89' lang='lat' dir='ltr'><strong>salutem</strong></span> <span class='ocrx_word' id='word_1_309' title='bbox 652 3253 797 3314; x_wconf 83' lang='lat' dir='ltr'><strong>forontem</strong></span> <span class='ocrx_word' id='word_1_310' title='bbox 816 3249 1007 3319; x_wconf 89' lang='lat' dir='ltr'><strong>demonstrat,</strong></span> <span class='ocrx_word' id='word_1_311' title='bbox 1166 3298 1167 3303; x_wconf 73' lang='grc'>,</span> 
     </span>
     <span class='ocr_line' id='line_1_37' title="bbox 43 3331 1167 3416; baseline -0.006 -19"><span class='ocrx_word' id='word_1_312' title='bbox 43 3336 175 3398; x_wconf 86' lang='lat' dir='ltr'><strong>reduces</strong></span> <span class='ocrx_word' id='word_1_313' title='bbox 189 3336 222 3396; x_wconf 93' lang='lat' dir='ltr'><strong>in</strong></span> <span class='ocrx_word' id='word_1_314' title='bbox 242 3337 382 3415; x_wconf 91' lang='lat' dir='ltr'><strong>patriam,</strong></span> <span class='ocrx_word' id='word_1_315' title='bbox 403 3336 441 3396; x_wconf 90' lang='lat' dir='ltr'><strong>ad</strong></span> <span class='ocrx_word' id='word_1_316' title='bbox 459 3339 603 3416; x_wconf 87' lang='lat' dir='ltr'><strong>parentis,</strong></span> <span class='ocrx_word' id='word_1_317' title='bbox 627 3337 664 3398; x_wconf 90' lang='lat' dir='ltr'><strong>ad</strong></span> <span class='ocrx_word' id='word_1_318' title='bbox 684 3337 824 3412; x_wconf 85' lang='lat' dir='ltr'><strong>coniuges</strong></span> <span class='ocrx_word' id='word_1_319' title='bbox 843 3350 878 3393; x_wconf 89' lang='lat' dir='ltr'><strong>ac</strong></span> <span class='ocrx_word' id='word_1_320' title='bbox 898 3331 1008 3392; x_wconf 87' lang='lat' dir='ltr'><strong>liberos</strong></span> <span class='ocrx_word' id='word_1_321' title='bbox 1041 3393 1044 3398; x_wconf 76' lang='grc'><strong>,</strong></span> <span class='ocrx_word' id='word_1_322' title='bbox 1166 3354 1167 3377; x_wconf 35' lang='grc'><strong>1</strong></span> 
     </span>
     <span class='ocr_line' id='line_1_38' title="bbox 43 3416 1167 3499; baseline -0.008 -20"><span class='ocrx_word' id='word_1_323' title='bbox 43 3420 128 3481; x_wconf 86' lang='lat' dir='ltr'><strong>iacit.</strong></span> <span class='ocrx_word' id='word_1_324' title='bbox 157 3427 191 3481; x_wconf 91' lang='lat' dir='ltr'><strong>ut</strong></span> <span class='ocrx_word' id='word_1_325' title='bbox 204 3420 376 3490; x_wconf 87' lang='lat' dir='ltr'><strong>servemini,</strong></span> <span class='ocrx_word' id='word_1_326' title='bbox 395 3419 477 3481; x_wconf 89' lang='lat' dir='ltr'><strong>deest</strong></span> <span class='ocrx_word' id='word_1_327' title='bbox 493 3420 574 3481; x_wconf 87' lang='lat' dir='ltr'><strong>vobis</strong></span> <span class='ocrx_word' id='word_1_328' title='bbox 589 3422 716 3482; x_wconf 85' lang='lat' dir='ltr'><strong>animus:</strong></span> <span class='ocrx_word' id='word_1_329' title='bbox 735 3416 820 3499; x_wconf 89' lang='lat' dir='ltr'><strong>quid,</strong></span> <span class='ocrx_word' id='word_1_330' title='bbox 836 3416 1048 3478; x_wconf 72' lang='lat' dir='ltr'><strong>simonen-14</strong></span> <span class='ocrx_word' id='word_1_331' title='bbox 1164 3430 1167 3465; x_wconf 70' lang='lat' dir='ltr'><strong>a</strong></span> 
     </span>
    </p>
   </div>
   <div class='ocr_carea' id='block_1_5' title="bbox 44 3500 1007 3585">
    <p class='ocr_par' dir='ltr' id='par_1_6' title="bbox 44 3500 1007 3585">
     <span class='ocr_line' id='line_1_39' title="bbox 44 3500 1007 3585; baseline -0.005 -22"><span class='ocrx_word' id='word_1_332' title='bbox 44 3502 119 3565; x_wconf 89' lang='lat' dir='ltr'><strong>dum</strong></span> <span class='ocrx_word' id='word_1_333' title='bbox 135 3519 192 3580; x_wconf 88' lang='lat' dir='ltr'><strong>pro</strong></span> <span class='ocrx_word' id='word_1_334' title='bbox 209 3506 303 3581; x_wconf 89' lang='lat' dir='ltr'><strong>patria</strong></span> <span class='ocrx_word' id='word_1_335' title='bbox 312 3511 402 3572; x_wconf 86' lang='lat' dir='ltr'><strong>esset,</strong></span> <span class='ocrx_word' id='word_1_336' title='bbox 418 3503 572 3566; x_wconf 83' lang='lat' dir='ltr'><strong>faceretisi</strong></span> <span class='ocrx_word' id='word_1_337' title='bbox 588 3505 798 3585; x_wconf 82' lang='lat' dir='ltr'><strong>quinquaginta</strong></span> <span class='ocrx_word' id='word_1_338' title='bbox 808 3500 889 3562; x_wconf 91' lang='lat' dir='ltr'><strong>miiia</strong></span> <span class='ocrx_word' id='word_1_339' title='bbox 900 3501 1007 3561; x_wconf 88' lang='lat' dir='ltr'><strong>civium</strong></span> 
     </span>
    </p>
   </div>
   <div class='ocr_carea' id='block_1_6' title="bbox 0 0 1180 3922">
    <p class='ocr_par' dir='ltr' id='par_1_7' title="bbox 0 0 1180 3922">
     <span class='ocr_line' id='line_1_40' title="bbox 0 0 1180 3922; baseline 0 3"><span class='ocrx_word' id='word_1_340' title='bbox 0 0 1180 3922; x_wconf 95' lang='lat' dir='ltr'><strong> </strong></span> 
     </span>
    </p>
   </div>
  </div>
 </body>
</html>
