2350 3922
126 216 188 286 ³10
302 237 396 279 maun
409 236 486 277 xm.
502 236 570 279 oar.
585 223 629 276 oo.
641 222 686 279 td,
702 213 742 298 [a.
757 239 788 277 u.
803 238 830 280 o.
843 212 905 298 588]

125 385 165 445 lta
178 384 290 462 ignotis
304 401 343 446 ne
367 380 521 460 consilium
542 383 663 464 quidem
679 384 749 463 satis
764 381 949 465 expedirent,
964 379 1055 443 obstre

124 464 388 547 paretqueclamor
400 466 623 530 lamentantium
630 462 797 542 naucum,
811 464 1067 545 tl11⁰1³dump⁸ltffl

124 550 278 631 lactaria
289 552 702 633 morarique,npcr,nnancs
715 566 810 629 paone
823 549 939 621 domos,
951 550 1068 629 promis·

96 642 114 692 4
125 625 455 715 &commarcarum
469 642 536 706 turn
547 635 581 707 Q.
596 633 703 710 latoius
716 633 861 707 Maximus
873 635 984 696 censuit
997 635 1067 712 equi·

123 724 169 778 tes
183 719 335 798 expeditos
351 727 382 779 et
397 718 648 798 lippiamlaatina
662 719 708 781 via
722 717 903 787 mittendos,
918 718 967 798 qul
980 716 1068 778 olarios

88 832 91 843 ι
123 801 403 881 percunctando-
420 802 533 882 aliquos
548 802 681 880 prolecto
697 819 734 863 ox
750 801 819 879 luga
834 803 944 881 passim
959 801 1067 880 disspa-

124 893 172 946 tos
185 884 250 947 lore
265 921 309 934 -
321 886 468 956 referant,
492 905 566 965 quae
586 887 703 946 fortuna
719 883 874 947 consulum
893 893 979 966 atque
997 903 1068 946 exer·

94 970 236 1031 tcituuns
257 971 309 1041 sit,
331 978 376 1040 et,
406 971 430 1029 sl
454 969 524 1050 quid
546 969 586 1029 dii
605 968 790 1038 inmortales,
811 971 938 1035 miseriti
956 969 1069 1048 imperii,

122 1051 270 1132 reliquum
286 1052 413 1114 Romani
431 1055 559 1115 nominis
581 1052 721 1122 fecerint,
742 1051 795 1115 ubl
818 1070 871 1114 eae
892 1054 992 1133 copiae
1006 1054 1069 1116 sint:

123 1153 181 1214 quo
193 1154 225 1197 se
236 1135 381 1197 Hannibal
392 1143 459 1213 post
472 1135 619 1216 proelium
629 1135 801 1207 contulerit,
819 1136 892 1216 quid
905 1143 996 1217 paret,
1011 1135 1070 1216 quid

85 1227 111 1280 't
123 1227 190 1297 agat
211 1226 387 1299 acturusque
408 1221 455 1281 sit.
500 1220 574 1282 haec
601 1219 782 1300 exploranda
801 1221 1009 1302 noscendaque
1025 1237 1070 1300 per

121 1303 254 1383 inpigros
274 1305 395 1365 iuvenes
421 1321 501 1373 esraa
528 1303 601 1365 illud
625 1321 680 1383 per
698 1311 798 1384 patres
821 1305 904 1384 ipsos
928 1303 1069 1385 agendum,

122 1389 260 1465 quondam
275 1389 468 1465 magistruum
488 1404 594 1467 parum
610 1390 661 1458 sit,
683 1395 716 1449 ut
729 1387 889 1451 tumultum
905 1407 940 1451 ac
955 1387 1069 1468 trepida·

121 1472 233 1533 tionem
246 1473 279 1533 in
292 1471 366 1533 urbe
382 1471 499 1543 tollant,
516 1478 666 1534 matronas
679 1471 798 1552 publico
814 1481 938 1534 arceant
952 1473 1069 1534 continc-

95 1555 206 1634 trique
222 1557 300 1618 intra
315 1575 401 1618 auum
419 1574 565 1637 quamque
579 1555 671 1618 limen
691 1563 812 1636 cogant,
835 1556 1022 1637 conploratus
1035 1555 1069 1615 la·

121 1639 269 1701 miliarum
289 1648 460 1712 coerceant,
484 1640 633 1702 silentium
654 1658 710 1720 per
733 1639 839 1703 urbem
859 1640 984 1713 iaciant,
1005 1655 1069 1701 nun·

120 1723 177 1783 tios
187 1742 289 1786 rerum
304 1726 436 1786 omnium
452 1724 489 1786 ad
504 1733 657 1805 praetores
672 1724 860 1786 deducendos
870 1733 997 1817 curantr
998 1739 1068 1810 juge

93 1812 109 1862 8
141 1808 171 1867 ui
207 1825 244 1867 ue
269 1808 283 1866 l
391 1826 406 1868 e
428 1809 507 1869 domi
529 1817 681 1870 auctorem
699 1827 735 1870 ex
756 1816 869 1879 ectent,
888 1809 1068 1887 custodesque

121 1897 275 1968 praeterea
294 1890 332 1950 ad
353 1899 453 1968 portas
476 1887 602 1972 ponanl,
624 1890 678 1972 qul
707 1875 814 1973 pro‘
817 1901 885 1954 eant
906 1908 1068 1973 quemquam

121 1973 223 2050 egredi
244 1971 363 2042 urbem,
392 1984 556 2055 cogantque
581 1976 717 2038 homines
738 1975 847 2039 nullam
870 1977 930 2038 nisi
953 1977 1022 2039 urbe
1041 1990 1068 2034 ao

121 2055 277 2119 moenibus
292 2055 377 2119 salvis
392 2057 516 2119 salutem
529 2076 668 2137 sperare.
708 2060 760 2122 ubl
775 2061 952 2122 conticuerit
971 2054 1067 2142 [recte]

120 2141 274 2212 tumultus,
291 2150 353 2204 tum
368 2143 525 2203 incuriam
542 2150 642 2221 patres
656 2143 837 2205 revocandos
854 2143 1066 2207 consulendum·

121 2243 178 2305 quc
195 2226 232 2286 de
249 2225 331 2288 urbis
346 2226 478 2288 custodia
493 2245 567 2289 esse.

93 2314 106 2364 1
182 2309 251 2370 LVl.
283 2311 355 2372 Cum
370 2313 402 2371 in
429 2310 507 2372 hanc
523 2314 698 2375 sententiam
719 2311 845 2392 pedtbus
860 2329 965 2373 omnes
978 2313 1063 2375 issent

119 2401 324 2456 summotaque
339 2396 405 2456 loro
415 2413 477 2473 per
492 2397 680 2476 magistratus
698 2395 784 2457 turba
804 2403 905 2476 patres
920 2395 1024 2457 diversi
1036 2388 1066 2452 ad

75 2533 77 2538 ,
120 2477 266 2538 sedandos
287 2486 430 2541 tumultus
456 2479 675 2545 discessissent.
696 2487 758 2541 tum
786 2479 905 2543 demum
927 2479 1065 2541 litteraca

91 2561 151 2623 ad.
166 2561 305 2624 Terentio
320 2562 442 2625 consule
466 2563 578 2626 adlatae
597 2572 681 2627 sunt:
698 2564 731 2624 L.
759 2562 914 2625 domicum
928 2574 1064 2624 consuent

120 2648 340 2727 exercitumque
357 2663 489 2718 cacanum
507 2666 578 2709 sese
586 2650 703 2712 Canusii
726 2665 804 2718 esse,
827 2647 967 2728 reliquias
980 2653 1063 2707 anae

120 2728 211 2789 cladis
233 2730 312 2792 velut
334 2749 371 2792 cx
393 2733 549 2810 naufragio
569 2731 764 2811 colligentem.
809 2731 845 2794 ad
871 2730 973 2793 decem
996 2724 1063 2788 milia

118 2810 244 2873 militum
267 2814 362 2875 fermo
394 2833 458 2876 csso
487 2817 744 2895 inconpositorum
774 2815 1061 2891 inordinatorumque·

90 2896 248 2957 tPoenunr
265 2897 369 2957 sedere
383 2898 420 2960 ad
438 2899 567 2971 Cannas,
584 2903 615 2960 in
637 2902 819 2980 captivorum
834 2900 938 2979 pretiis
952 2893 1062 2976 praeda·

118 2998 175 3059 que
190 2978 245 3041 alia
260 2997 316 3042 nec
331 2983 449 3042 victoris
465 2985 562 3044 animo
579 3001 635 3045 nec
648 3000 756 3063 magno
773 2984 858 3044 ducis
871 2999 954 3043 more
969 2975 1061 3042 nundi·

89 3071 246 3126 ⁴inantem.
269 3074 331 3126 tum
347 3067 478 3145 privatae
498 3085 615 3148 quoque
633 3086 688 3147 per
703 3068 807 3129 domos
825 3064 923 3128 clades
942 3055 1060 3141 vulffltB

118 3156 200 3216 sunt,
227 3148 359 3229 adeoque
380 3157 472 3212 totam
495 3151 599 3213 urbem
621 3152 750 3231 opplevit
772 3152 883 3221 luctus,
908 3157 942 3210 ut
958 3157 1058 3209 sacrum

118 3230 351 3294 anniversarium
371 3234 487 3296 Cereris
508 3236 708 3297 intermissum
726 3239 777 3306 sit,
795 3236 862 3314 qula
880 3251 935 3293 neo
948 3225 1058 3308 lugenti·

118 3307 174 3367 bus
188 3311 218 3368 id
234 3313 332 3376 lacere
348 3318 467 3388 estias,
492 3336 547 3378 nec
563 3318 621 3381 ulla
634 3321 665 3379 iu
685 3318 735 3380 illa
749 3325 922 3397 tempestate
938 3320 1057 3377 matrona

90 3394 224 3468 despera
244 3391 340 3457 luctus
361 3399 465 3461 lucrat.
499 3404 597 3481 itaque
620 3420 657 3462 ne
679 3402 717 3463 ob
739 3403 863 3464 eandem
885 3414 998 3461 causam
1011 3389 1057 3452 ulii

117 3487 233 3548 quoque
254 3490 337 3536 sacra
362 3481 480 3557 publica
500 3491 550 3544 aut
568 3486 682 3563 privata
708 3485 927 3555 desererentur,
953 3481 1056 3543 senatu!
