2350 3922
156 199 216 262 sto
311 214 404 254 omen
418 213 507 255 mm.
523 211 594 254 oar.
607 198 650 252 20.
667 199 711 256 21,
727 200 771 250 tt.
788 188 827 270 [a.
841 213 871 255 m
890 209 915 250 c.
930 186 988 268 538]

156 362 270 441 expleta
292 359 446 421 consulere
472 361 589 422 sibimet
616 361 687 439 ipsis
709 360 740 420 in
767 358 911 438 reliquum
931 372 986 433 pro
1013 371 1085 434 prae·

123 455 139 504 7
154 446 230 506 senti
247 444 364 506 fortuna
377 444 535 506 iusserunt.
565 444 638 505 baec
655 450 809 523 postquam
825 439 1086 516 renuntiatalegatio

27 468 30 603 b
154 530 292 591 Petelinis
313 536 371 598 est,
400 534 499 589 tentus
521 534 644 606 repente
665 545 783 590 maeror
803 543 950 605 parorqne
971 530 1087 584 senatum

155 630 258 676 eorum
274 614 364 692 cepit,
380 619 413 672 nt
427 629 496 691 pars
510 610 713 691 profugiendi,
731 629 788 689 qua
803 610 925 689 quisque
941 615 1045 688 posset,
1061 623 1088 666 ac

126 695 336 757 sdeserendae
349 694 432 756 urbis
444 702 579 757 auctores
595 701 708 764 essent,
730 712 813 772 pars,
836 693 953 773 quando
967 691 1088 752 desertio

155 780 303 840 veteribus
320 780 407 841 sociis
424 786 535 849 essent,
557 777 736 857 adiungendi
757 797 789 839 se
817 778 924 838 ceteris
940 777 1044 837 Bruttis
1063 790 1089 834 ac

126 870 208 944 sper
229 882 279 924 eos
303 862 430 924 dedendi
448 861 612 925 Hannibali.
649 862 718 922 vicit
744 867 841 923 tamen
870 879 905 922 ea
924 878 1003 941 pars,
1029 873 1089 937 quae

156 946 229 1008 nihil
246 949 353 1026 raptim
365 963 420 1006 nec
435 953 547 1008 temere
562 945 708 1025 agendum
724 943 995 1024 consulendumque
1011 941 1089 1002 dein·

113 1037 146 1090 10
156 1038 239 1109 tegro
256 1032 378 1107 censuit.
407 1029 499 1091 relata
513 1037 633 1109 postero
648 1029 696 1089 die
710 1044 764 1107 per
779 1031 927 1090 minorem
942 1026 1090 1106 trepidatio·

154 1132 222 1175 nem
243 1132 277 1175 re
303 1120 463 1174 tenuerunt
485 1113 654 1192 optimates,
682 1122 715 1174 ut
734 1114 883 1174 convectis
909 1110 1040 1174 omnibus
1063 1125 1090 1167 er

154 1199 232 1275 agris
248 1196 353 1257 urbem
369 1214 403 1257 ac
416 1213 519 1256 muros
531 1196 691 1260 ornarent.

126 1289 140 1338 1
212 1279 287 1340 xxi.
316 1276 374 1340 Per
396 1279 474 1341 idem
494 1280 557 1341 rere
578 1287 695 1361 tempus
715 1280 831 1342 litterae
846 1298 885 1341 ex
899 1275 1090 1340 SiciliaSardi·

125 1364 258 1444 eniaque
277 1363 400 1425 bomem
416 1363 538 1427 adlatae.
569 1366 684 1444 priores
699 1383 735 1425 ex
751 1363 850 1427 Sicilia
861 1364 896 1425 Τ.
911 1362 1026 1425 Otacilii
1038 1377 1091 1440 pro·
1144 1392 1145 1397 κ

152 1450 299 1528 praetoris
314 1450 344 1508 in
364 1457 468 1509 senatu
482 1451 622 1509 recitatae
642 1456 724 1509 sunt:
745 1449 778 1509 P.
800 1449 926 1509 Furium
943 1453 1091 1525 praetorem

154 1551 222 1595 cum
240 1532 332 1595 classe
352 1550 390 1594 ex
407 1532 505 1594 ilrica
527 1532 699 1612 Lilybaeum
719 1534 848 1601 venisse;
870 1534 971 1611 ipsum
985 1530 1091 1610 graviter

154 1619 285 1678 saucium
296 1618 327 1676 in
340 1616 508 1677 discrimine
520 1615 625 1678 ultimo
636 1619 712 1678 ritae
723 1634 803 1687 esse;
818 1615 906 1678 militi
918 1634 953 1678 ac
964 1610 1091 1680 nauolibtb

152 1702 240 1762 sociis
258 1718 354 1779 neque
373 1701 551 1778 stipendium
571 1719 666 1781 neque
686 1701 867 1762 frumentum
891 1701 929 1762 ad
950 1699 1026 1760 diem
1044 1693 1092 1756 dari

127 1789 251 1862 tneque
273 1783 351 1844 unde
373 1783 459 1845 detur
488 1802 566 1854 esse;
592 1796 771 1865 magnopere
798 1784 941 1855 suadere,
968 1789 1091 1860 utquam

153 1869 282 1947 primum
297 1868 511 1939 comittantur,
535 1868 665 1948 sibique,
689 1871 714 1929 si
734 1871 775 1931 ita
796 1868 948 1938 rideatur,
976 1885 1010 1927 ex
1029 1863 1092 1925 noris

123 1949 337 2029 epraetortbus
351 1966 535 2012 sucessorem
558 1954 686 2014 mittant.
724 1952 884 2034 eademque
902 1949 1043 2029 termedo
1055 1946 1091 2006 sti·

152 2033 260 2113 pendio
275 2031 483 2113 frumentoque
501 2034 537 2095 ab
552 2035 585 2105 Α.
597 2035 734 2097 Cornelio
746 2035 906 2099 Mammula
918 2037 1092 2114 propraetore

153 2137 189 2179 ex
204 2116 340 2180 Sardinia
362 2117 479 2196 scripta.
517 2135 692 2197 responsum
712 2122 830 2200 utrique
849 2113 914 2180 non
928 2137 1008 2189 csse,
1030 2110 1092 2176 unde

152 2203 333 2271 mitteretur,
350 2201 480 2280 iussique
500 2203 557 2281 ipsi
578 2202 718 2264 classibus
737 2211 825 2284 atque
849 2202 1026 2265 exercitibus
1046 2195 1091 2256 suit

124 2285 316 2347 tconsulere.
353 2285 386 2346 l.
406 2283 545 2346 Otacilius
567 2285 604 2348 ad
622 2288 741 2350 unicum
757 2286 923 2350 subsidium
940 2281 1090 2367 populilio

152 2372 245 2440 mani,
271 2370 445 2440 Hieronem,
473 2368 584 2448 legatos
605 2389 671 2432 cum
692 2372 848 2443 mississet,
874 2372 909 2432 irs
932 2365 1089 2449 stipendium

152 2455 254 2535 quanti
268 2453 383 2531 argenti
393 2471 467 2531 opus
478 2453 533 2515 luit
544 2461 573 2514 et
584 2471 635 2514 sex
646 2472 780 2516 mensum
792 2455 976 2516 frumentum
988 2446 1089 2527 accepit

153 2537 288 2600 Cornelio
303 2536 335 2597 in
350 2536 485 2598 Sardinia
500 2538 630 2598 civitates
649 2539 745 2599 sociae
763 2538 893 2618 benigne
910 2535 1088 2621 contulerunt

124 2621 309 2682 sceltonae
335 2639 452 2701 quoque
482 2629 604 2700 propter
634 2623 791 2700 penuriam
816 2623 934 2702 argenti
964 2614 1089 2708 triumviri

151 2705 291 2766 mensarii
305 2705 457 2783 rogatione
468 2705 506 2767 M.
518 2705 628 2766 Minuci
641 2704 857 2785 tribuniplebis
868 2705 952 2776 facti,
968 2705 999 2766 L.
1011 2704 1088 2763 lemt-

151 2787 208 2848 lius
222 2786 332 2867 Papus,
350 2790 401 2867 qui
412 2787 515 2850 consul
530 2806 693 2870 censorque
708 2789 819 2860 fuerat,
837 2798 867 2850 et
879 2789 918 2850 M.
932 2786 1033 2850 Atilius
1045 2780 1088 2873 bt:

151 2869 250 2950 gulus,
273 2871 323 2950 qui
341 2869 387 2931 bis
405 2870 508 2932 consul
527 2871 637 2943 iuerat,
664 2880 693 2933 et
708 2874 740 2934 L.
757 2873 927 2935 Scribonius
939 2871 1028 2937 Libo,
1050 2876 1089 2941 qu

125 2962 214 3017 stum
235 2952 371 3015 tribunus
392 2953 487 3031 plebis
513 2962 585 3016 erat.
627 2962 656 3017 et
682 2956 827 3018 duumviri
851 2956 942 3035 creati
963 2954 1002 3016 M.
1022 2944 1087 3011 etio

151 3038 230 3100 Atilii
244 3036 347 3100 aedem
362 3037 557 3108 Concordiae,
579 3056 667 3119 quam
685 3040 718 3102 L.
733 3040 856 3102 Manlius
877 3046 997 3119 praetor
1019 3046 1087 3094 vore·

151 3130 211 3191 rat,
233 3121 450 3182 dedicaverunt
487 3131 517 3182 et
537 3130 599 3184 tres
612 3123 766 3202 pontifices
781 3125 888 3192 creati,
912 3122 946 3193 0.
962 3112 1087 3182 caecilius

151 3203 285 3281 Metellus
302 3211 331 3263 el
347 3203 380 3274 Q.
397 3203 506 3265 Fabius
527 3205 671 3267 Maximus
693 3207 771 3278 etQ.
787 3207 905 3269 Fulvius
919 3194 1088 3267 Flaccusiss

151 3280 248 3344 locum
263 3286 295 3345 P.
311 3287 443 3348 Scantini
461 3287 607 3350 demortui
622 3297 652 3350 et
665 3288 698 3352 1..
713 3291 818 3352 Aemili
831 3289 914 3352 Pauli
929 3281 1053 3349 consulis
1065 3279 1088 3334 θῑ

152 3362 186 3433 Q.
202 3365 264 3423 Aeli
281 3366 377 3438 Paeti,
395 3370 445 3450 qui
459 3371 628 3433 ceciderant
643 3390 741 3452 pugna
757 3375 911 3437 Cannensi.

125 3449 138 3499 1
212 3444 300 3504 XXII.
338 3450 411 3510 Gom
429 3460 541 3525 cetera,
573 3475 648 3535 quae
670 3459 815 3521 continuis
830 3457 960 3520 cladibus
984 3451 1087 3512 tonum
