2396 3920
241 212 340 255 ursan
354 211 411 253 vu.
434 210 503 252 cnr.
521 199 560 250 16.
582 199 623 251 17.
640 188 679 273 [a.
696 194 730 255 0.
745 192 886 276 358-356]
1005 204 1046 264 17

16 424 17 427 ,
79 361 221 424 Romanus
238 374 299 419 non
314 355 515 418 reddiderant.
551 375 583 420 ea
599 359 752 436 provincia
766 359 940 422 Cullanlio
956 360 1078 424 obre-3

16 446 18 521 l
80 448 132 507 nit.
144 441 444 505 Marciuseseroitum
455 442 485 500 in
493 458 595 520 agrum
603 441 803 504 Privernatem
814 445 961 522 integrum
972 464 1046 526 pace
1181 472 1182 503 1

16 524 17 555 s
78 530 242 606 longinqua
257 524 375 584 induxit
389 523 570 603 militemque
586 526 696 603 praeda
712 527 843 604 inplevit.
875 529 911 589 ad
929 532 1045 610 copiam

78 629 182 673 rerum
199 609 315 669 addidit
330 607 576 676 munificentiam,
600 608 678 688 quod
693 608 766 669 nihil
782 611 813 669 in
830 610 981 690 poblicum
999 632 1045 675 se·

16 696 17 761 3
78 694 234 757 cernendo
251 691 371 768 augenti
394 707 457 750 reru
479 691 622 769 privatam
643 691 729 752 militi
753 692 830 754 lavit.
861 696 1079 758 Privernatest
1181 718 1182 721 ¹

78 798 147 840 oum
163 784 234 838 aute
253 775 371 835 moenia
386 791 438 834 sua
453 774 557 835 castris
571 777 747 852 permunitis
763 778 977 848 consedissent,
994 800 1044 842 vo·

78 865 156 924 catis
171 860 208 920 ad
226 861 395 919 contionem
410 856 552 919 militibus
566 869 687 928 „castra
701 869 808 920 nnnc“
828 863 924 941 iuquit
943 864 1045 931 „vobis

78 946 216 1007 bostium
225 943 390 1021 urbemque
403 942 530 1021 praedae
546 941 593 1011 do,
607 944 632 1001 si
645 944 718 1005 mihi
728 942 909 1024 pollicemini
921 963 971 1006 vos
984 948 1044 1007 lor·

80 1031 153 1090 titer
166 1030 200 1087 in
217 1029 278 1087 acie
293 1042 415 1105 operam
436 1033 595 1086 navaturos
615 1044 670 1087 nec
692 1028 820 1108 praedae
843 1031 935 1108 magis
956 1048 1044 1109 quam

78 1129 199 1194 pugnae
220 1118 340 1191 paratos
361 1117 456 1169 esse.“
489 1112 606 1187 signum
627 1121 753 1190 poscunt
774 1115 889 1191 ingenti
907 1112 1076 1186 clamoren
1181 1166 1182 1169 ,

81 1196 213 1274 celsique
230 1202 259 1254 et
273 1211 326 1274 spe
338 1191 417 1254 baud
433 1190 520 1254 dubia
533 1193 648 1255 leroces
660 1197 692 1256 iu
705 1196 852 1277 proelium
866 1198 982 1259 vadunt.
1002 1198 1045 1259 ibi

82 1288 151 1342 aute
166 1280 251 1357 signa
266 1279 333 1339 Sex.
345 1275 470 1347 Tullius,
488 1277 675 1357 dequoante
688 1281 868 1350 dictumest,
885 1281 1042 1345 exclamat:

82 1411 99 1434 ,‚
111 1365 227 1442 aspice,
245 1363 444 1441 imperator,“
469 1363 581 1441 inquit.
605 1407 621 1432 .‚
630 1364 878 1441 quemadmodum
899 1369 1044 1428 exercitus

82 1456 153 1508 tuns
169 1445 224 1505 tibi
238 1447 382 1525 promissa
397 1454 567 1525 praestet,“
582 1445 700 1524 piloque
718 1449 814 1526 posito
829 1450 929 1509 stricto
947 1448 1043 1527 gladio

84 1532 119 1588 in
141 1529 256 1588 hostem
276 1532 419 1609 impetum
441 1528 520 1588 iecit.
553 1536 694 1588 secuntru
710 1529 838 1591 Tullium
862 1533 1076 1606 antesignanit
1181 1546 1182 1557 ¹

87 1628 194 1672 omnes
207 1614 359 1692 primoque
373 1614 487 1692 impetu
504 1619 639 1672 avertero
655 1611 791 1680 bostem;
810 1613 907 1678 fusum
923 1613 992 1674 inde
1008 1614 1044 1676 ad

84 1695 225 1775 oppidum
235 1697 401 1775 persecuti,
420 1713 487 1756 cum
501 1697 560 1756 iarn
572 1693 665 1757 scales
678 1694 834 1757 moenibus
845 1695 1041 1762 admoverent

83 1782 116 1840 in
131 1779 311 1840 deditionem
326 1778 432 1840 urbem
443 1787 630 1859 aeceperunt.
660 1781 826 1860 triumphus
841 1780 877 1841 de
889 1780 1044 1844 Priverna-

83 1862 168 1923 tibus
190 1872 276 1924 actus.
311 1862 350 1929 ,ab
369 1863 462 1924 altero
482 1862 602 1924 consule
623 1863 695 1924 nihil
712 1864 903 1926 memorabile
918 1876 1042 1944 gestum

81 1947 144 2007 nisi
157 1947 234 2026 quod
244 1946 341 2026 legem
348 1964 424 2006 noro
431 1946 565 2026 exemplo
572 1949 607 2008 ad
615 1947 746 2008 Sutrium
756 1949 788 2008 in
796 1950 899 2010 castris
910 1950 1043 2011 tributim

81 2031 121 2093 de
137 2031 297 2093 vicensima
311 2048 429 2101 eorum,
448 2032 498 2110 qni
513 2032 818 2105 manumitterentur,
840 2032 915 2093 tulit.
933 2043 1042 2112 patres,

80 2117 155 2194 quia
169 2131 203 2175 ea
224 2113 289 2193 lege
306 2115 385 2175 baud
405 2132 526 2193 parrum
541 2114 663 2192 vectigal
679 2117 761 2194 inopi
782 2118 896 2179 aerario
914 2115 1044 2177 additum
1181 2150 1182 2187 ,

81 2204 178 2267 esset,
197 2206 333 2259 auctores
346 2197 475 2259 luerunt.
505 2205 637 2259 ceterum
661 2199 772 2259 tribuni
794 2199 889 2278 plebis
909 2217 969 2259 non
983 2207 1076 2261 tamss
1181 2190 1182 2265 l

81 2283 153 2361 lege
167 2299 254 2361 qnam
266 2280 401 2360 exemplo
416 2282 504 2354 moti,
519 2299 557 2342 ne
572 2285 637 2361 quis
651 2290 753 2362 postea
771 2282 912 2361 populum
927 2300 1044 2344 sevoca-

83 2373 147 2436 ret,
166 2368 262 2443 eapite
276 2372 449 2427 sanxerunt:
470 2365 543 2425 nihil
567 2369 646 2429 enim
661 2384 721 2427 non
737 2383 792 2446 per
811 2366 919 2426 milites
932 2369 1043 2427 iuratos
1181 2384 1182 2415 1

84 2452 117 2510 in
134 2448 264 2509 consulis
280 2448 369 2509 verba
383 2450 514 2527 quamvis
527 2452 726 2528 perniciosum
741 2448 866 2528 populo,
886 2453 911 2509 si
928 2451 959 2510 id
973 2451 1043 2511 lice·

82 2540 146 2601 ret,
167 2532 240 2591 ferri
260 2549 356 2610 posse.
373 2566 408 2577 -
430 2532 541 2593 Eodem
563 2549 640 2592 anno
662 2532 693 2592 C.
716 2531 845 2591 Licinius
865 2532 947 2592 Stolo
967 2552 984 2592 a
1006 2533 1077 2592 lie
1181 2542 1182 2547 ’

82 2613 200 2694 Popilio
215 2615 406 2678 Laenatesua
415 2613 483 2693 lege
497 2614 600 2674 decem
609 2611 727 2671 milibus
739 2615 815 2671 aeris
827 2619 871 2671 est
882 2612 1043 2684 damnatus,
1181 2610 1182 2613 ’

84 2699 166 2779 quod
180 2698 260 2760 mille
272 2701 406 2777 iugerum
417 2699 481 2776 agri
493 2714 560 2756 cum
571 2695 631 2757 lilio
642 2693 806 2776 possideret
818 2697 1044 2777 emancipando·

85 2801 144 2862 que
157 2783 251 2843 filium
267 2782 400 2844 fraudem
416 2783 475 2860 legi
490 2781 617 2843 lecisset.

150 2865 237 2926 llVll.
267 2867 342 2927 Novi
357 2864 582 2939 consulesinde‚
593 2864 633 2926 bl.
645 2864 754 2926 Fabius
764 2864 923 2943 Ambustus
937 2867 1045 2928 iterum
1062 2873 1079 2924 l

16 2972 17 2975 ¹
88 2959 118 3010 et
135 2950 173 3009 bl.
190 2949 320 3029 Popilius
337 2949 449 3023 Laenas
471 2952 595 3017 iterum,
616 2949 673 3010 duo
687 2948 772 3015 ,bella
794 2949 940 3020 habuere,
960 2949 1045 3011 facile

89 3031 214 3093 alterum
231 3051 298 3094 oum
308 3032 493 3104 Tiburtibus,
508 3034 587 3113 quod
602 3033 714 3097 Laenas
729 3035 833 3111 gessit,
851 3034 900 3113 qui
914 3032 998 3093 hoste
1014 3034 1044 3092 in

89 3115 195 3177 urbem
212 3117 353 3196 conpulso
374 3135 461 3196 agros
480 3118 615 3185 vastavit3
638 3116 744 3177 Falisci
759 3117 1045 3197 Tarquiniensesque
1060 3125 1077 3174 2

90 3199 215 3263 alterum
222 3200 373 3262 consulem
383 3204 477 3281 prima
489 3219 588 3280 pugna
599 3201 748 3261 fuderunt.
770 3201 839 3259 inde
850 3201 1079 3260 terror-maxia
1181 3184 1182 3255 l

91 3301 157 3343 mus
172 3284 244 3355 luis,
267 3285 346 3364 quod
362 3286 531 3346 sacerdotes
553 3303 654 3345 eorum
676 3283 790 3355 lacibus
808 3282 980 3344 ardentibus
994 3301 1046 3344 an·

92 3366 257 3447 guibusque
271 3369 409 3446 praelatis
429 3372 547 3431 incessu
562 3368 660 3428 luriali
679 3364 802 3426 militem
822 3365 986 3427 Romanurn
1000 3370 1046 3426 iu·
1181 3380 1182 3387 ¹

16 3488 17 3521 2
90 3451 382 3537 suetapurbaverunt
395 3456 502 3531 specie.
533 3461 565 3511 et
581 3460 643 3510 tum
664 3449 783 3527 quidem
807 3449 883 3510 velut
904 3449 1049 3528 lymphati

137 3567 164 3603 r.
176 3566 239 3601 nm
252 3562 322 3601 anns
336 3568 368 3602 11.
826 3541 845 3600 2

1181 2738 1182 2789 1

1181 2794 1182 2849 1

1180 2852 1182 2895 1

1181 2898 1182 2945 1

1181 3124 1182 3179 1

1181 3582 1182 3651 1

1091 3838 1182 3890 Δ
