2290 3920
126 212 190 276 260
341 226 435 269 bruun
448 225 606 268 xx11.on1>.
626 214 649 267 t.
665 203 703 286 [a.
720 227 750 267 o.
767 201 866 285 etti]
961 280 967 295 ι

212 539 290 602 ΤΙΤΙ
308 539 383 602 tlvt
402 540 449 603 ΑΒ
470 540 571 605 URBE
591 539 754 602 couniri
775 538 887 600 LIBER
907 535 988 598 lllill.

101 715 114 767 1
179 708 211 781 l.
231 707 310 785 ⁴lam
337 726 388 784 rer
410 708 707 787 adpetebat„atque.
721 703 881 767 umnuu
896 722 933 767 ex
954 700 1064 769 hibernis

126 792 232 861 movit,
254 800 284 853 et
305 794 482 872 nequiquam
499 800 569 870 ante
590 798 712 852 conatus
730 787 939 850 transcendere
957 785 1063 864 Apenni-

128 893 199 936 num
218 875 410 937 intolerandis
433 875 592 954 frigoribus
611 882 641 937 et
666 892 733 935 cum
749 873 863 951 ingenti
877 867 1005 954 periculo
1016 886 1064 929 mo·

99 966 208 1020 aratus
224 976 258 1020 ao
273 967 362 1020 metu.
390 959 479 1031 Galli,
496 979 570 1040 quos
583 957 711 1038 praedae
722 955 998 1036 populationumque
1011 969 1063 1013 oon·

127 1044 237 1102 civerat
257 1061 342 1120 spes,
370 1050 525 1123 postquam
551 1062 606 1122 pro
630 1060 684 1111 eo,
712 1047 745 1101 ut
765 1041 822 1119 ipsi
843 1059 881 1121 ex
902 1037 992 1101 alieno
1010 1052 1064 1114 agro

126 1133 266 1203 raperent
283 1135 478 1205 agerentque,
500 1145 568 1188 suas
582 1135 678 1187 terras
697 1125 798 1186 sedem
814 1122 886 1184 belli
901 1140 963 1184 esse
977 1120 1064 1202 premi·

100 1218 186 1287 tque
199 1209 352 1289 utriusque
368 1212 460 1289 partis
476 1212 658 1272 exercituum
678 1207 810 1270 bibernis
828 1207 974 1277 viderent,
990 1211 1065 1266 verte·

26 1307 28 1311 ·
128 1300 199 1351 runt
217 1298 299 1353 retro
324 1293 356 1355 in
376 1289 570 1355 Hannibalem
590 1293 627 1355 ab
646 1292 787 1359 Romanu
811 1286 893 1361 odia;
922 1292 1065 1370 petitusque

127 1391 214 1454 saepe
231 1377 399 1454 principum
413 1377 541 1449 insidiis,
558 1378 690 1458 ipsorum
705 1377 783 1437 iuter
800 1394 832 1436 se
848 1375 967 1444 iraude,
983 1371 1063 1434 eaden

126 1457 257 1529 levitate,
274 1478 331 1539 qua
343 1471 568 1532 consenserant,
581 1478 756 1522 consensum
768 1459 975 1528 indicantium,
988 1473 1065 1519 serva

128 1550 175 1602 tus
196 1550 273 1614 erat,
295 1552 325 1605 et
344 1545 485 1607 mutando
506 1563 585 1608 nunc
605 1552 730 1615 vestem,
753 1560 833 1604 nuno
847 1549 1013 1622 tegumenta
1031 1556 1064 1598 ea·

101 1628 198 1705 epitis
212 1645 315 1690 errore
330 1629 416 1691 etiam
431 1647 496 1690 sese
517 1629 553 1691 ab
573 1628 689 1691 insidiis
707 1629 865 1688 munierat
896 1622 1064 1689 oeterumbic

128 1728 246 1788 quoque
263 1713 290 1771 ei
309 1713 397 1772 timor
412 1730 499 1775 cama
514 1713 568 1774 luit
583 1712 726 1774 maturius
739 1710 880 1771 morendi
895 1730 931 1773 ex
946 1707 1063 1771 hibernis.

190 1794 248 1853 Per
267 1794 345 1855 idem
368 1804 484 1875 tempus
499 1797 551 1858 Cu.
572 1794 712 1858 Servilius
735 1792 838 1855 consul
858 1795 971 1856 Rornae
989 1789 1064 1853 idibus

98 1876 462 1953 ollarmsmagiotratum
485 1881 560 1941 iniit.
593 1878 636 1940 ibi
659 1897 726 1941 curn
748 1878 784 1938 de
804 1897 838 1939 re
857 1878 976 1958 publica
994 1881 1063 1936 rettu·

126 1957 223 2029 iisset,
240 1960 441 2038 redintegrata
462 1964 493 2022 in
515 1964 545 2025 G.
561 1962 737 2026 Flaminium
752 1963 862 2028 invidia
886 1972 944 2024 est:
968 1960 1030 2022 duos
1042 1973 1064 2015 se

126 2041 261 2104 consules
281 2060 410 2115 creasse,
435 2063 527 2106 unum
543 2044 663 2108 babere.
705 2045 782 2126 quod
804 2047 886 2108 enim
912 2046 955 2107 illi
977 2048 1063 2106 iusum

96 2127 295 2205 timporium,
318 2127 396 2207 quod
412 2131 574 2208 auspicium
593 2131 675 2191 esset
706 2131 896 2209 magistratus
911 2131 942 2191 id
957 2148 973 2190 a
988 2128 1063 2189 domu

125 2210 252 2291 publicis
266 2212 444 2291 privatisque
458 2214 629 2292 penatibus,
651 2214 762 2276 Latinis
786 2213 869 2275 leriis
884 2216 972 2285 actis,
993 2207 1062 2273 secri-

124 2295 191 2356 ticio
205 2297 237 2355 in
252 2304 353 2359 monte
368 2296 515 2376 perlecto,
534 2300 607 2360 rotis
627 2300 683 2359 rite
707 2300 738 2359 in
754 2296 897 2377 Capitolio
912 2300 1063 2374 nuncupati

96 2384 226 2440 tsecum
240 2380 337 2450 ›ferre;
357 2399 413 2442 nec
427 2383 573 2461 privatum
585 2383 713 2460 auspicia
728 2383 825 2462 sequi,
839 2399 897 2443 nec
911 2384 974 2444 sine
987 2375 1062 2454 auspi·

125 2463 179 2524 ciis
194 2464 362 2542 proiectum
379 2466 410 2525 in
426 2474 548 2527 externo
564 2484 598 2528 ea
611 2465 674 2527 solo
692 2482 765 2526 nova
781 2473 869 2545 etque
883 2468 996 2544 integra
1011 2475 1062 2521 coo·

96 2555 113 2606 8
126 2549 226 2628 cipere
240 2567 336 2628 posse.
362 2550 510 2627 augebant
521 2559 630 2627 metum
645 2549 781 2629 prodigia
797 2566 832 2609 ex
848 2548 983 2629 pluribus
996 2536 1061 2605 simul

124 2629 198 2693 locis
214 2634 365 2694 nuntiata:
382 2636 413 2694 iu
425 2633 524 2696 Sicllia
537 2633 678 2695 militibus
692 2631 803 2711 aliquot
823 2633 950 2712 spicula,
968 2633 998 2695 in
1011 2627 1060 2688 so·

125 2715 203 2774 dinia
216 2724 314 2776 autem
329 2718 360 2776 in
373 2735 459 2778 muro
474 2718 669 2783 circumeunti
686 2715 798 2796 vigilias
809 2718 900 2796 equiti
910 2718 1060 2796 scipionem.

125 2816 213 2876 quem
235 2817 325 2859 manu
350 2807 501 2871 tenuerat,
524 2803 645 2879 arsisse,
671 2807 700 2861 et
721 2799 807 2861 litora
829 2800 941 2861 crebris
967 2793 1061 2877 ignibus

95 2879 252 2950 elusisse,
269 2889 299 2941 et
308 2890 390 2944 scuta
402 2883 461 2943 duo
471 2887 615 2962 sanguine
626 2885 761 2954 sudasse,
778 2890 807 2943 et
821 2882 929 2945 milites
943 2877 1059 2963 quosdam

123 2965 198 3025 ictos
212 2962 399 3037 fulminibus,
416 2974 446 3027 et
456 2966 526 3028 solis
541 2967 644 3031 orbem
653 2969 745 3030 minui
757 2969 866 3038 visum,
883 2977 913 3028 et
925 2967 1059 3027 Praeneste

127 3048 266 3110 ardentes
279 3048 393 3128 lapides
410 3050 491 3112 caelo
508 3052 663 3119 cecidisse.
682 3060 712 3112 et
723 3052 810 3130 Arpis
823 3068 942 3130 parmas
955 3052 983 3109 in
998 3039 1059 3105 caeli

84 3133 200 3192 inrisas
217 3142 456 3215 pugnantemque
469 3155 536 3197 cum
550 3134 620 3197 luna
634 3134 741 3204 solem,
758 3142 788 3194 et
803 3135 936 3213 Capenae
952 3133 1015 3193 duas
1025 3126 1057 3183 it·

126 3215 222 3276 terdiu
246 3215 331 3278 lunas
357 3228 449 3288 ortas,
478 3226 508 3281 et
533 3238 622 3299 aquas
646 3221 784 3282 Caeretes
810 3219 951 3296 sanguine
974 3213 1063 3275 mirus*

124 3294 243 3359 fluxisse
260 3301 432 3382 fontemque
446 3305 542 3384 ipsum
557 3304 692 3365 Herculis
708 3303 840 3363 cruentis
854 3317 985 3362 manasse
994 3305 1057 3373 epti·

124 3393 190 3436 sum
202 3382 331 3451 maculis,
347 3393 376 3445 et
387 3388 465 3447 Antii
476 3387 654 3448 metentibus
665 3394 803 3447 cruentas
813 3387 844 3445 in
856 3382 973 3447 corbem
983 3376 1057 3456 spices

83 3461 115 3516 u
126 3458 281 3528 cecidisse,
298 3472 328 3550 eq
338 3467 459 3530 Faleriis
470 3474 583 3530 caelum
594 3470 664 3530 findi
676 3468 755 3529 velut
764 3486 872 3570 magno
882 3469 962 3527 hiatu
974 3463 1055 3521 visunt

26 3804 89 3882 ἱ
