2280 3926
272 247 363 289 aman
379 246 423 288 11.
438 247 507 290 cart
524 235 551 290 9.
568 235 609 288 10.
626 225 667 309 [a.
679 206 720 292 C.
736 227 800 310 ato]
955 234 1015 297 103

86 389 155 451 etilli
167 390 239 453 male
259 403 371 474 partam
393 396 545 456 victoriam
562 392 640 454 male
653 392 861 474 perdiderunt,
883 395 954 457 dum
968 396 1017 457 vix

85 471 152 546 loeis,
170 477 272 556 quibus
291 480 437 550 vicerant,
460 479 599 549 credunt,
622 477 691 538 dum
712 496 896 561 quacumque
914 479 1016 541 oondi·
1130 556 1131 559 Ἴ

83 558 149 619 done
168 578 246 623 arma
263 563 334 624 riris
352 565 383 624 in
405 580 487 623 arma
510 563 587 624 natis
601 561 718 622 auterre
737 562 887 626 festinant.
918 581 969 634 an,
991 564 1016 624 si
1026 570 1059 621 12

81 658 136 702 sana
148 661 228 704 mens
244 644 360 718 luisset,
385 645 505 708 difficile
517 645 577 707 illis
590 645 660 716 luit,
683 645 753 706 dum
774 663 861 708 senes
875 645 913 707 ab
928 646 1016 709 domo

79 723 107 783 ad
119 727 332 791 consultandum
348 737 518 800 accersunt,
533 730 652 791 mittere
662 729 785 790 Romam
800 728 933 808 legatos?
948 748 1016 792 oum

77 817 175 881 senatu,
192 830 258 875 enm
274 813 384 894 populo
401 813 439 875 do
453 831 526 893 paee
542 831 577 875 ae
592 812 713 874 loedere
727 813 833 891 ageret
855 812 947 874 tridui
960 816 1018 875 lter
1026 821 1058 873 13
1130 844 1131 847 κ

76 894 201 972 expeditis
219 905 297 967 erat;
320 900 435 960 interea
456 900 489 957 in
508 898 630 959 indutiis
648 914 697 958 res
719 897 837 968 luisset,
860 895 957 957 donee
979 896 1015 956 ab

9 1022 11 1031 ,
74 972 152 1038 Roma
161 977 249 1058 legati
259 988 309 1042 aut
320 982 473 1044 victoriam
484 980 543 1042 illis
554 988 665 1042 certam
678 990 727 1042 aut
737 998 841 1059 paoem
854 980 1015 1041 adferrent.

9 1070 11 1129 ξ
75 1075 103 1119 ea
116 1059 224 1125 demum
239 1066 360 1145 poesie
375 1075 466 1136 esset,
488 1084 576 1144 quam
597 1063 700 1144 populi
713 1066 796 1126 iussu
809 1063 1016 1144 spopondisse·

9 1174 11 1205 3
74 1159 136 1205 nus.
150 1147 212 1212 ¹aed
233 1166 272 1209 ne
315 1166 363 1209 ev
464 1150 471 1165 ’
505 1151 560 1211 etis
595 1166 650 1209 neo
668 1165 724 1209 nos
818 1148 1011 1218 ondissemus,
1028 1154 1059 1203 14

72 1407 290 1477 neququameu
312 1417 383 1461 eren
433 1446 442 1471 ,
639 1398 801 1459 exereitum
813 1397 926 1468 eadem,
938 1415 1013 1476 quae
1026 1403 1059 1452 15

9 1548 11 1551 v
72 1474 232 1556 inpedierat,
249 1483 370 1547 tortum
385 1483 551 1562 expediret,
570 1499 675 1542 vanam
686 1482 839 1541 victoriam
853 1483 1002 1556 a·
971 1481 978 1495 '
1003 1471 1112 1572 '1²¹

10 1618 11 1621 ,
71 1560 144 1624 rium
157 1564 270 1627 iaoeret
283 1584 354 1649 pax2
372 1567 492 1710 sponsio
505 1567 761 1646 interp20neretur
778 1577 1015 1641 paraenepmem

70 1654 172 1720 praeter
185 1667 390 1728 sppnsoremo
433 1656 525 1734 garet.
555 1649 606 1727 qui
641 1644 898 1715 emmvobiseum,
913 1651 1013 1723 patres
1026 1650 1059 1701 lo

70 1733 228 1811 tonsoripti,
245 1734 298 1813 qui
331 1751 399 1794 anm
413 1731 522 1812 populo
533 1731 667 1792 Romano
683 1736 782 1790 aetum
797 1728 858 1788 esti
886 1728 1015 1808 quisvos
1130 1760 1131 1763 =

9 1810 11 1875 f
70 1813 329 1895 appellaremus,
354 1817 466 1896 quisse
481 1833 498 1875 a
511 1814 595 1876 robis
610 1813 710 1874 dicere
725 1811 901 1892 deeeptumi
921 1811 1016 1872 hostis

69 1908 101 1953 an
114 1897 197 1959 oirisi
219 1900 299 1960 hosti
321 1898 398 1960 nihil
418 1898 631 1978 spopondistis,
655 1899 748 1957 oirem
762 1898 912 1957 neminem
925 1912 1014 1973 spon·
1130 1932 1131 1935 =

9 2044 11 2059 ἶ
68 1975 128 2039 dere
141 2000 194 2061 pro
207 1982 292 2044 vohis
303 1984 437 2044 tussistIs.
459 1979 533 2041 nihil
546 1999 617 2059 ergo
629 1980 712 2040 vohis
725 1997 783 2040 neo
792 1978 948 2040 nobiseum
959 1984 1013 2047 est,
1025 1983 1056 2033 17

69 2061 161 2139 pitu
172 2066 248 2127 nihil
263 2066 438 2136 mandastis,
456 2082 512 2125 neo
528 2083 594 2125 oum
611 2063 806 2133 Samnitibus,
823 2080 891 2123 oum
908 2058 1016 2138 quibus
1130 2074 1131 2080 ¹

69 2143 130 2205 nihil
136 2150 243 2226 egistis.
266 2148 446 2210 Samnitibus
456 2165 616 2228 sponsores
626 2165 680 2209 nos
686 2164 789 2208 sumus
796 2146 842 2204 rei
848 2146 918 2204 satis
929 2142 1010 2202 loen·
1023 2147 1056 2198 18

67 2225 149 2303 pletas
161 2233 242 2305 inid,
261 2233 340 2311 quod
350 2239 484 2293 nostrum
496 2238 549 2303 est,
564 2230 646 2301 inid,
659 2229 738 2309 quod
748 2234 900 2307 praestare
910 2242 1015 2304 possu-
1130 2240 1131 2297 j

9 2376 10 2379 ,
68 2325 135 2383 mua,
153 2332 280 2396 corpora
290 2323 391 2377 nostra
408 2323 438 2375 et
449 2317 578 2376 animos:
594 2316 626 2372 in
637 2313 711 2373 haee
727 2312 872 2380 saeviant,
895 2310 928 2368 in
942 2308 1016 2368 haee

68 2391 174 2468 lenum,
189 2401 220 2459 in
232 2400 308 2460 haee
322 2401 383 2460 iras
393 2407 509 2459 acuant.
532 2396 610 2477 quod
622 2395 659 2456 ad
669 2395 805 2456 tribunos
816 2394 929 2463 attinet,
942 2409 1012 2452 oon·
1026 2396 1059 2448 19
1130 2430 1131 2433 ,

66 2475 149 2551 solite,
158 2490 258 2544 unum
270 2499 412 2561 praesens
424 2480 533 2542 deditio
545 2498 648 2540 eorum
659 2479 725 2539 lieri
735 2479 836 2558 possit,
848 2474 1015 2536 anindiem

68 2557 221 2628 differatur:
240 2582 296 2626 nos
308 2566 443 2634 interim,
456 2564 491 2624 T.
500 2564 603 2624 Veturi
613 2579 722 2639 vosque
738 2560 844 2627 caeteri,
860 2557 927 2617 vilia
941 2555 1016 2616 haee

28 2677 30 2683 ·
68 2646 151 2723 capita
169 2648 296 2710 luendae
312 2649 479 2728 sponsionis
493 2646 638 2713 ieramus,
661 2652 691 2703 et
705 2648 808 2703 nostro
822 2638 967 2719 supplicio
981 2636 1016 2698 li·

66 2721 191 2793 beremus
211 2732 345 2794 Romana
366 2721 513 2805 armat?
530 2728 567 2790 X.
605 2727 694 2788 Movit
712 2733 813 2805 patres
834 2723 1044 2802 eonseriptosl

67 2823 125 2873 tum
140 2833 226 2878 eausa
244 2827 305 2877 tum
327 2826 445 2885 auctor,
467 2831 524 2874 neo
541 2818 657 2873 eeteros
676 2809 786 2881 solum,
808 2806 862 2869 sed
880 2805 1017 2868 tribunos

67 2895 144 2957 tiam
168 2898 281 2978 plebei,
307 2907 341 2960 ut
365 2916 398 2960 se
422 2899 455 2958 in
480 2904 599 2958 senatus
620 2895 756 2957 dicerent
776 2893 841 2954 lore
860 2897 1016 2972 potestate.

67 2980 228 3055 nagisuatu
240 2983 311 3044 inde
325 3001 357 3043 se
369 2980 516 3060 externplo
528 2980 751 3048 abdicaverunt,
762 2976 921 3055 traditique
933 2974 1017 3032 lotia-
1029 2978 1046 3028 2

67 3051 135 3122 libus
150 3081 216 3126 oum
231 3067 339 3127 ceteris
353 3064 495 3128 Gaudium
511 3063 647 3124 ducendi.
677 3063 735 3121 hoo
749 3067 868 3122 senatus
883 3053 1017 3116 consulto

67 3137 136 3205 laeto
155 3147 206 3208 lux
220 3149 362 3228 quaedam
384 3147 537 3210 adfulsisse
557 3146 667 3207 civitati
684 3146 746 3205 risa
767 3151 820 3203 est.
848 3138 1047 3209 Postumius

67 3220 156 3290 inore
173 3238 249 3303 erat,
270 3251 340 3295 eum
354 3232 491 3294 laudibus
506 3230 543 3292 ad
558 3226 672 3290 eaelum
695 3225 845 3294 terebant,
869 3220 1018 3282 devotioni

67 3303 96 3368 P.
106 3309 184 3373 lleoii
196 3316 415 3387 oonsulis‚aliis
427 3314 515 3376 elaris
525 3310 706 3374 facinoribus
718 3306 897 3388 aequabant:
921 3312 1046 3367 emer-4

68 3391 133 3454 alsae
154 3398 297 3462 civitatem
320 3418 358 3461 ex
378 3398 505 3460 obnoxia
524 3413 598 3476 paee
620 3392 700 3456 illius
720 3389 843 3453 consilio
863 3397 894 3452 et
909 3406 1016 3468 opera;

68 3471 157 3552 ipsum
167 3498 199 3541 se
211 3482 389 3545 eruciatibus
398 3489 429 3543 et
441 3482 570 3544 hostium
580 3480 643 3540 irae
653 3478 760 3539 olierre
773 3473 947 3557 piaculaque
959 3487 1017 3551 pro
1130 3482 1131 3485 ’
