2280 3926
220 210 308 253 umnn
321 213 351 252 1.
369 210 438 254 oar.
453 199 495 253 13.
512 197 554 253 14.
565 190 656 268 [azo.
671 200 731 254 298.
747 192 809 275 297]
931 201 991 262 161

62 371 174 435 quasque
188 356 262 418 iutro
281 365 381 423 vocata
403 366 466 420 erat
482 360 629 429 centuria,
645 358 795 423 consulem
812 358 890 422 baud
906 360 994 423 dubio

62 436 163 500 labium
189 438 309 502 dicebat.
349 448 411 507 tum
433 441 551 505 demum
572 459 718 505 consensu
740 444 862 506 civitatis
884 446 990 507 dotus:
1003 453 1036 504 12

60 520 120 589 „dei
134 522 315 605 adprobent⁴‘
328 527 424 607 inquit
437 525 541 607 „quod
557 526 642 606 agitis
657 527 808 604 acturique
824 529 907 599 estis,
924 530 992 601 Qui·

58 605 125 667 rites.
154 615 296 685 aciemn,
318 611 457 691 quoniam
476 611 508 671 in
528 628 591 681 nre,
613 609 691 691 quod
706 627 758 670 ros
772 609 872 682 rutis,
888 612 994 674 facturi

59 691 129 761 ends,
149 692 178 752 in
198 691 309 773 collega
326 695 365 755 sit
390 710 474 757 meae
490 693 568 774 apud
581 712 633 754 vos
645 694 759 773 gratiae
775 692 873 759 locus:
888 695 921 759 P.
939 696 993 758 lle·
1003 704 1035 756 13

57 772 134 844 tium,
154 785 307 855 expertum
328 777 402 839 mibi
428 777 569 843 concordi
593 776 848 857 collegiorum,
872 778 993 857 dignum

56 855 137 928 robis,
154 859 272 939 dignum
286 868 411 939 parente
425 879 495 933 sno,
519 880 627 942 quaeso
649 879 765 925 meeum
784 861 935 925 consulem
949 862 1003 922 ia-v

56 939 152 1005 tiads.⁴‘
170 945 424 1023 iustasuliragatio
435 945 505 1007 risa.
532 964 722 1026 omnesquae
737 952 992 1026 supererantoen·

54 1026 131 1086 tuine
143 1027 176 1099 Q.
191 1027 315 1093 Fabium
331 1028 363 1090 P.
378 1029 500 1109 Decium
522 1028 656 1091 consuas
672 1029 781 1092 dixere.
796 1064 840 1080 ·-
855 1030 898 1092 Eo
912 1047 989 1090 anno
1005 1037 1035 1089 tt

55 1104 183 1191 plusque
207 1112 270 1175 dies
292 1113 369 1174 dieta
389 1111 426 1174 ab
441 1112 598 1184 aedilibus,
620 1116 688 1194 quia
707 1114 787 1194 plus,
809 1132 897 1195 quam
912 1114 990 1193 quod

54 1187 106 1270 lege
118 1195 228 1261 unitum
245 1204 323 1268 erat,
338 1198 403 1276 agri
414 1197 614 1277 possiderent.
653 1217 709 1259 nec
728 1201 881 1279 quisquam
896 1199 991 1259 ferme

54 1282 245 1369 perpurgatus,
263 1279 470 1362 nuntiumque
486 1283 592 1360 ingens
603 1282 768 1347 inmodicae
783 1282 935 1362 cupiditati
948 1284 992 1344 in-

52 1366 143 1423 tectum
160 1371 212 1426 est.

99 1444 165 1511 niv,
204 1447 348 1517 Consules
367 1450 435 1511 nori
458 1448 786 1520 diuturnioribus
808 1457 944 1526 quartum
965 1456 1019 1510 etl

50 1524 183 1593 illectus
204 1533 272 1601 iius
290 1534 413 1595 tertium
430 1550 497 1595 cum
516 1534 597 1592 inter
616 1549 648 1592 se
671 1533 830 1610 agitarent,
851 1532 895 1591 uti
919 1529 992 1591 alter

51 1607 178 1677 munins
194 1615 312 1687 hostes,
332 1615 409 1679 alter
428 1615 569 1676 Etruscos
582 1614 738 1694 deligeret,
760 1621 944 1693 quantaeque
962 1615 1021 1674 ine

50 1692 112 1761 hane
134 1702 236 1765 autin
262 1698 343 1763 illam
371 1700 553 1779 provinciam
572 1701 674 1780 copiae
694 1700 779 1768 satis,
810 1703 840 1759 et
865 1704 932 1763 uter
956 1696 993 1758 ad

49 1787 132 1842 uuum
142 1782 326 1863 bellumlelpup
336 1782 461 1845 idoneus
473 1785 567 1863 magis
580 1790 666 1855 esset,
682 1783 718 1845 ab
732 1782 830 1844 Sutrio
841 1789 872 1843 et
881 1782 1021 1861 Nepotes

49 1859 205 1929 enudans
232 1858 494 1947 legatiJ'a'ue't‘i'res
513 1866 637 1929 concilia
658 1867 792 1931 Etruriae
815 1865 992 1951 peplorum

49 1944 213 2028 tenuanda
230 1946 311 2030 paee'
319 1950 439 2022 baberi,
463 1958 553 2015 totam
574 1949 644 2015 belli
663 1951 773 2013 molem
793 1950 824 2012 in
841 1885 991 2013 sgmniu'n

49 2043 210 2097 auerterunt.
240 2034 366 2114 proiecti
380 2034 594 2114 consulesque
607 2035 993 2116 expedientescommeatus
1005 2044 1021 2092 4

49 2127 133 2179 esent
147 2128 182 2183 ‚et
205 2120 350 2181 incertior
375 2119 482 2190 hostis,
507 2137 565 2198 qua
589 2127 744 2182 venturum
771 2117 881 2180 bellurn
908 2119 991 2187 foret,

48 2197 141 2263 Fabius
166 2222 223 2285 per
245 2203 404 2272 Soranum,
433 2202 539 2264 Decius
565 2222 619 2282 per
643 2203 807 2265 Sidicinum
831 2219 934 2279 agrum
962 2202 993 2260 in

47 2282 186 2349 &mnium
206 2288 342 2366 legiones
362 2286 481 2349 ducunt.
514 2287 566 2349 ubi
585 2289 617 2348 in
636 2288 764 2364 hostium
784 2285 858 2344 fines
875 2291 1021 2346 ventumn

48 2374 95 2437 til,
107 2378 233 2451 uterque
246 2368 472 2449 populabundus
491 2371 583 2431 effuso
603 2371 722 2449 agmine
738 2366 858 2429 incedit.
894 2366 993 2448 explo-

47 2460 104 2513 rant
118 2461 219 2523 tamen
239 2453 325 2515 latius
342 2469 431 2534 quam
449 2453 635 2532 populantur.
674 2454 764 2531 igion
781 2470 842 2513 non
861 2450 1023 2512 fefellerat

47 2533 76 2592 ad
88 2536 240 2601 Tifernum
261 2538 361 2598 hostes
385 2539 417 2599 in
438 2535 553 2597 occulta
572 2536 647 2599 valle
665 2537 816 2605 instructi,
842 2554 930 2614 quam
948 2536 994 2594 in·

46 2633 151 2693 messos
165 2622 315 2701 Romanos
328 2622 535 2700 superioreex
551 2619 617 2680 loco
637 2618 748 2680 adoriri
760 2615 913 2698 parabant.
939 2616 1022 2678 Ila-7

46 2696 102 2763 hius
121 2707 331 2786 inpedimentis
350 2708 381 2767 in
403 2704 501 2769 locum
521 2711 616 2767 tutum
642 2703 764 2764 remotis
790 2700 994 2784 praesidioque

47 2787 152 2850 moneo
172 2791 317 2868 inposito,
339 2789 530 2868 praemonitis
554 2785 696 2853 militibus
720 2787 822 2848 adesse
845 2792 995 2847 certamen

45 2870 178 2944 quadrato
195 2874 313 2952 agmine
329 2871 365 2933 ad
382 2872 548 2952 praedictas
562 2873 691 2935 hostiurn
709 2869 837 2935 latebras
852 2870 993 2933 suodedit.

46 2949 182 3018 Samnites
193 2956 347 3036 desperato
362 2958 511 3036 inproviso
521 2956 662 3029 tumultu,
678 2956 795 3036 quaudo
808 2957 841 3017 in
855 2963 994 3035 apertum
1006 2961 1023 3012 8

44 3036 128 3099 semel
143 3039 303 3103 discrimen
319 3057 439 3102 evasura
461 3049 538 3103 esset
556 3059 620 3112 res,
645 3047 676 3100 et
694 3042 752 3119 ipsi
766 3041 828 3101 acie
841 3041 919 3101 iusta
931 3055 993 3099 ma·

39 3113 156 3184 luerunt
168 3135 366 3187 concurrere:
386 3126 485 3204 itaque
499 3127 666 3205 inaequum
686 3123 867 3185 descendunt
882 3139 916 3183 ao
933 3121 993 3179 lor-

44 3206 125 3265 tunae
141 3225 176 3268 se
194 3209 305 3270 maiore
327 3210 425 3269 animo
445 3227 532 3287 quam
553 3226 606 3287 spe
624 3209 819 3269 committunt
852 3211 1022 3275 ceterumit

43 3285 99 3345 sire
115 3291 234 3371 quiaex
246 3293 377 3353 omnium
392 3292 566 3353 Samnitium
589 3289 706 3371 populis
726 3288 931 3369 quodcumque
944 3307 993 3349 ro·

42 3363 119 3431 horis
133 3372 229 3437 luerat
243 3382 464 3446 conuexerant,
483 3394 535 3437 seu
549 3376 617 3454 quia
629 3373 786 3438 discrimen
800 3390 931 3434 summae
946 3391 994 3432 re·

42 3466 105 3512 rum
126 3458 251 3535 augebat
275 3460 404 3531 anirnos,
428 3458 608 3540 aliqrmntum
629 3465 731 3539 aperta
752 3475 869 3539 quoque
895 3473 995 3538 pugna

81 3567 107 3601 n.
126 3569 188 3606 srva
205 3575 273 3614 rsus
292 3576 325 3613 11.
752 3548 790 3609 11
