2350 3922
49 112 51 153 t

47 196 52 315 l

173 180 235 249 322
356 197 449 238 nmnu
463 197 554 240 xxm.
571 197 641 241 oar.
654 187 681 240 4.
698 185 723 238 n.
738 178 778 259 [a.
794 202 825 241 u.
841 201 867 242 o.
880 177 942 258 otu]

172 344 279 409 omissa
321 346 328 360 '
371 345 448 405 itatis
468 342 669 425 libertatisque
689 346 831 407 memoria
857 344 973 425 plebem
995 344 1108 408 adulari:

45 454 48 509 j
145 425 316 500 asatutare,
355 430 462 507 enigne
477 429 614 498 inritare,
631 427 779 507 adparatis
795 430 928 508 accipere
944 429 1047 508 epulis,
1067 449 1110 492 eas

171 528 274 572 causas
289 513 453 592 suscipere,
471 514 498 573 ei
515 529 632 592 semper
647 513 724 591 parti
739 510 854 582 adesse,
876 513 1034 577 secuudum
1055 532 1109 575 eam

173 592 255 656 litem
270 596 383 658 iudices
398 595 482 665 dare,
500 613 574 676 quae
586 596 679 675 magis
694 594 843 675 popularis
855 597 1007 675 aptiorque
1019 599 1049 659 lu
1059 596 1109 658 sol·

142 685 223 757 tgus
248 679 340 741 laseri
361 678 545 744 conciliando
570 687 660 749 essem
677 681 736 740 lam
753 697 820 741 vero
833 679 905 741 nihil
920 682 950 741 in
962 687 1058 742 senatu
1071 682 1109 759 agl

170 761 270 833 aliter,
286 782 373 846 quam
388 764 414 824 si
429 763 524 844 plebis
538 761 579 825 lbi
594 771 672 824 esset
687 762 852 824 concilium.
890 782 985 843 prona
1006 781 1108 843 semper

170 848 270 908 civitas
284 850 315 909 in
330 847 476 909 luxuriam
493 866 552 909 non
565 849 752 926 ingeniorum
767 846 855 908 modo
869 849 954 917 vitio,
971 848 1022 911 sed
1037 848 1107 909 alliu·

172 932 232 991 enti
246 933 329 1012 copia
339 931 530 1012 voluptatium
543 939 572 991 et
587 929 744 992 inlecebris
755 930 849 991 omnis
864 933 1045 994 amoenitatis
1057 948 1107 993 ma·

139 1014 282 1085 britimae
298 1017 519 1094 terrestrisque,
537 1022 597 1075 tum
616 1033 685 1075 vero
700 1016 740 1075 ita
755 1013 897 1094 obsequio
912 1016 1107 1095 principumet

168 1096 285 1159 licentia
300 1096 397 1178 plebei
412 1097 560 1167 lascivire,
578 1107 611 1159 ut
623 1115 678 1158 neo
689 1097 803 1159 libidini
818 1115 874 1158 neo
883 1098 1046 1179 sumptibus
1057 1115 1106 1159 mo

138 1180 220 1241 tidus
240 1189 326 1241 esset.
362 1180 398 1242 ad
422 1188 621 1261 contemptum
642 1180 740 1261 legum
763 1183 988 1260 magistratuum
1008 1190 1106 1244 senatus

167 1265 289 1325 accessit
309 1271 386 1335 tum,
409 1272 475 1345 post
496 1260 679 1327 Cannensem
703 1263 829 1332 cladem,
852 1273 901 1335 ut,
924 1268 1007 1331 entus
1028 1265 1105 1344 aliqua

166 1348 342 1410 uerecundia
358 1355 433 1420 erat,
448 1346 613 1410 Romanum
628 1367 744 1429 quoquo
760 1359 939 1429 spernerent
958 1351 1104 1430 imperium

139 1430 196 1492 ard
211 1432 298 1493 modo
314 1434 423 1494 eratin
439 1451 547 1504 mora,·
558 1451 597 1494 ne
616 1431 762 1511 extemplo
779 1432 956 1511 delicerent,
983 1433 1056 1514 quod
1068 1449 1104 1492 oo·

166 1515 288 1578 nubium
302 1526 447 1579 vetustum
464 1516 570 1578 multas
583 1516 706 1577 familias
717 1515 811 1577 claras
822 1534 857 1576 ao
872 1518 1004 1596 potantis
1017 1518 1103 1579 Rome

136 1603 155 1654 8
167 1601 212 1660 nis
225 1602 393 1673 miscuerat,
407 1608 436 1661 et
450 1601 536 1681 qnod,
553 1618 619 1662 curn
632 1599 792 1662 militarent
807 1597 918 1679 aliquot
929 1601 1006 1680 apud
1017 1600 1102 1667 Roma·

165 1701 227 1753 nos,
241 1687 401 1747 maximum
408 1685 556 1747 vinculum
565 1692 648 1745 erant
655 1686 780 1745 trecenti
791 1684 914 1763 equites,
925 1681 1102 1747 nobilissimus
1127 1754 1129 1759 ι

164 1769 286 1846 quisque
311 1770 542 1848 Campanorum,
576 1770 608 1828 in
635 1767 781 1847 praesidia
807 1766 974 1830 Sicularum
1005 1766 1101 1830 urbium
1143 1794 1144 1797 ¹

165 1848 272 1910 delecti
287 1850 324 1912 ab
339 1853 480 1914 Romanis
497 1870 531 1913 ao
546 1854 636 1913 missi.
1143 1882 1144 1951 p

135 1939 151 1988 1
226 1932 258 1992 V.
287 1933 400 1995 Horum
414 1943 553 2014 parentes
574 1937 749 2015 cognatique
764 1952 853 2013 aegra
869 1938 1065 2016 peruicerunt,
1078 1936 1100 1989 1¹²
1142 1968 1143 2045 p

162 2015 250 2094 legati
279 2018 315 2078 ad
343 2017 494 2079 consulem
514 2018 679 2079 Romanum
704 2019 902 2080 mitterentur.
941 2021 963 2080 ii
993 2016 1098 2079 nondum
1141 2072 1142 2077 ,

164 2100 320 2162 Canusium
336 2101 515 2180 proiectum,
532 2101 583 2162 sed
599 2100 741 2163 Venusiae
753 2119 819 2163 oum
831 2104 935 2181 paucis
952 2121 986 2164 ao
999 2101 1098 2163 semier-
1141 2080 1142 2141 l

162 2183 257 2246 mibus
278 2185 428 2246 consulem
450 2187 638 2254 invenerunt,
662 2203 750 2265 quam
779 2191 895 2264 poterat
920 2187 1042 2249 maxime
1059 2179 1098 2241 ml·
1139 2182 1141 2265 l

162 2267 319 2330 serabilem
345 2268 431 2330 bonis
461 2270 562 2339 sociis,
595 2267 730 2348 superbis
759 2276 846 2348 atque
878 2267 1053 2336 infidelibus,
1076 2267 1097 2322 ¹1¹
1139 2272 1140 2331 l

135 2357 247 2412 2erant
269 2353 423 2430 Campani,
454 2353 663 2432 spernentium.
706 2361 736 2412 et
764 2354 846 2423 aurit
870 2370 974 2417 rerum
1000 2360 1095 2415 amruu
1138 2380 1139 2427 q

162 2437 264 2514 suique
279 2444 480 2516 contemptum
503 2435 603 2498 consul
631 2437 719 2497 nimis
739 2436 904 2513 detegendo
930 2434 1038 2498 cladem
1057 2444 1094 2490 nu·
1137 2470 1138 2523 p

134 2522 150 2574 3
164 2516 328 2601 dandoque.
353 2538 420 2582 nam
435 2539 501 2581 oum
518 2519 607 2599 legati
621 2536 708 2598 aegre
723 2519 802 2579 terre
813 2526 949 2582 senatum
965 2514 1093 2598 populum·
1136 2562 1137 2565 κ

161 2621 218 2681 que
234 2602 414 2683 Campanum
435 2604 549 2666 adversi
563 2606 719 2684 quicquam
740 2603 872 2664 evenisse
887 2603 1025 2665 Romanis
1038 2609 1091 2658 nuu·

161 2687 283 2748 tiassent
308 2688 577 2768 pollicerenturque
599 2689 713 2756 omnia,
740 2705 815 2766 quae
840 2686 877 2747 ad
902 2685 1012 2749 bellum
1039 2691 1091 2758 opu

133 2775 274 2839 tesseut,
289 2789 428 2840 „morem
444 2773 562 2849 magis‘⁴
577 2773 672 2851 lnquit
691 2769 855 2848 „loquendi
870 2788 937 2833 oum
953 2768 1034 2830 sociis
1047 2775 1090 2821 set·

161 2854 262 2921 vastis,
285 2853 440 2933 Campani,
461 2853 597 2916 iubentes
617 2873 690 2935 quae
715 2871 789 2932 opus
815 2861 912 2914 essent
942 2852 979 2915 ad
1005 2845 1089 2910 helluo

159 2935 319 3024 imperare,
338 2956 425 3016 quam
441 2940 649 2999 convenienter
661 2938 697 3000 ed
710 2943 896 3017 praesentem
912 2936 1040 2998 fortunae
1053 2942 1088 2987 nt

132 3023 362 3082 mammeam
373 3019 463 3083 locuti
472 3021 556 3082 cotis.
587 3022 657 3101 quid
670 3023 748 3082 enim
764 3020 849 3081 nobis
865 3021 900 3082 ad
917 3018 1027 3081 &onas
1039 3005 1088 3072 rell·

160 3086 1087 3184 menoeceuaatoutuanomusmunmtnmlutll

156 3184 196 3244 ab
209 3188 294 3248 sociis
305 3187 443 3248 velimus?
454 3188 570 3266 pedites
578 3188 1016 3273 subbimmmeQfflssaffl
1026 3168 1086 3269 illm·

157 3272 205 3325 tes
227 3267 407 3332 babeamus?
432 3273 588 3350 pecuniam
609 3272 711 3333 deesse
733 3271 878 3340 dicamus,
904 3277 1039 3347 tamquam
1063 3267 1086 3312 ll

132 3352 275 3408 utentum
292 3352 385 3414 desit?
402 3353 488 3423 nihil,
510 3355 642 3434 nequod
662 3353 866 3435 suppleremus
882 3350 1007 3433 quidem,
1021 3336 1086 3436 nqblt

160 3425 279 3506 reliquit
294 3431 419 3496 fortuna.
444 3435 575 3514 legiones
591 3439 744 3518 equitatus,
761 3457 843 3500 arma
854 3439 944 3517 signa,
960 3430 1021 3510 equi
1033 3417 1084 3482 ill·
