2396 3920
283 231 376 276 nman
390 231 447 273 vn.
461 231 534 274 >oum
548 218 592 273 ab,
606 220 650 274 st.
667 208 707 294 [o.
723 215 758 278 (i.
776 213 838 296 342]
1006 223 1045 282 45

91 378 155 459 psol
170 397 235 440 non
250 378 432 445 induxerunt
447 385 546 459 patres
561 381 663 459 avique
679 382 781 451 vestri,
800 399 860 443 uon
874 381 935 454 illi,
952 384 1046 463 quiin

87 482 193 529 sacrum
212 471 347 525 montem
367 464 568 536 secesserunt,
590 481 651 525 nou
671 464 718 534 bi,
743 465 794 545 qui
810 475 911 545 postea
928 468 1045 528 Aventi-

84 566 145 609 num
162 547 352 610 insederunt.
389 555 555 628 expectate,
576 549 645 610 dorm
668 547 751 609 vobis
765 549 902 629 singulis,
924 559 958 612 ut
973 551 1042 613 olim
1057 558 1088 611 lt

80 631 251 702 coriolano,
274 638 386 693 matres
407 633 607 714 coniugesque
623 632 755 694 crinibus
777 635 872 714 passis
887 633 990 697 obviae
1008 636 1045 697 ab

78 715 148 777 urbe
169 717 308 778 veniant!
343 723 406 776 tum
426 715 600 778 Volscorum
621 717 767 795 legiones,
788 720 857 798 quia
878 719 1044 783 Romanum

76 799 230 861 habebant
241 800 363 870 ducem,
380 801 568 880 quieverunt;
585 819 650 871 vos,
666 799 816 863 llomsuns
829 805 989 872 exereitus,
1007 822 1044 864 ne

75 884 252 945 destiteritis
265 885 348 964 inpio
363 883 456 944 bebo!
487 884 520 946 Τ.
540 885 673 957 Quincti,
692 903 879 967 quocumque
895 886 961 947 istie
976 885 1041 947 loco
1055 894 1088 946 13
1182 954 1183 957 Ἴ

74 986 126 1028 seu
140 968 248 1029 volens
263 986 317 1030 seu
328 969 435 1029 invitus
450 970 618 1040 constitisti,
637 971 662 1030 si
678 969 877 1032 dimicandum
893 971 965 1040 erit,
981 977 1043 1031 tum

75 1054 150 1113 tuin
167 1053 347 1113 novissimos
363 1061 391 1113 te
415 1054 551 1132 recipito:
578 1053 689 1132 ingeris
709 1056 797 1116 etiam
815 1056 967 1117 honestius
983 1064 1043 1116 ter·

77 1154 207 1217 gumque
232 1137 290 1197 ciri
312 1135 431 1196 dederis
456 1138 545 1215 quam
569 1140 748 1216 pugnaveris
776 1148 880 1202 eontra
905 1141 1042 1219 patriam.

78 1237 157 1281 nuno
179 1221 219 1282 ad
240 1219 455 1301 pacificandum
477 1219 555 1283 bene
574 1229 663 1301 atque
683 1223 807 1286 honeste
831 1226 910 1286 iuter
931 1227 1043 1305 primos
1054 1229 1086 1282 14

78 1304 184 1376 stabis,
200 1311 231 1366 et
242 1305 392 1385 conloquii
402 1305 488 1367 buius
501 1305 636 1367 salutaris
650 1308 799 1387 interpres
814 1308 914 1370 tueris.
943 1318 1043 1388 postu·

80 1386 138 1449 late
149 1406 242 1468 aequa
257 1396 287 1450 et
301 1389 392 1458 ierte;
408 1407 584 1470 quamquam
596 1390 642 1450 vel
656 1392 764 1471 iniquis
779 1393 917 1455 standum
928 1402 973 1454 est
988 1411 1042 1472 po·

83 1473 152 1542 tius,
168 1474 359 1553 quaminpias
374 1474 450 1536 iuter
466 1492 521 1535 nos
538 1491 729 1535 conseramus
743 1485 880 1538 manus.“
901 1477 936 1538 Τ.
952 1476 1042 1548 Quin·
1054 1483 1085 1533 lb
1182 1540 1183 1543 ,

85 1556 163 1616 etius
176 1554 274 1635 plenos
285 1557 474 1620 lacrimarum
492 1556 529 1618 ad
545 1575 614 1618 suos
628 1574 731 1618 versus
746 1577 820 1629 „me
837 1568 981 1639 quoque“
998 1561 1043 1618 iu·

82 1643 158 1720 quit,
173 1687 193 1712 „
200 1641 319 1714 milites,
337 1643 362 1703 si
374 1645 438 1721 quis
453 1660 524 1704 usus
539 1643 598 1703 mei
612 1649 670 1713 est,
686 1641 840 1703 meliorem
859 1643 942 1722 pacis
955 1661 1042 1722 quam

77 1723 149 1786 belli
169 1725 285 1788 habetis
311 1725 428 1788 ducem.
465 1728 626 1788 nonenim
659 1725 708 1788 illa
733 1726 822 1788 modo
844 1725 967 1790 volscus
995 1734 1043 1790 aut
1054 1735 1085 1786 16

76 1810 208 1880 Samnis,
231 1812 284 1871 sed
298 1810 449 1875 Romanus
470 1811 557 1872 verba
578 1811 664 1882 feeit,
683 1819 781 1873 vester
801 1811 919 1884 oonsul,
937 1812 1042 1876 'vester

75 1896 256 1975 imperator,
272 1894 393 1966 milites,
408 1897 491 1956 ouius
502 1897 629 1975 auspicia
644 1916 698 1976 pro
710 1896 793 1959 vobis
817 1901 932 1978 experti
952 1898 1042 1958 nolite
1182 1954 1183 1957 ,

74 1979 218 2040 adversus
235 1998 286 2040 vos
301 1978 375 2041 vello
393 1980 530 2060 experiri.
568 1982 618 2060 qui
634 1989 801 2060 pugnarent
822 1982 971 2044 vobiscum
993 1983 1038 2042 in·
1053 1988 1082 2037 17
1182 1990 1183 1993 ’

73 2063 194 2134 festius,
216 2072 247 2126 et
268 2063 341 2124 alios
362 2065 452 2125 duces
469 2072 586 2126 senatus
607 2063 723 2136 habuit3
745 2068 796 2145 qui
816 2068 943 2127 maxime
960 2064 1041 2126 vobis

73 2151 134 2210 suis
146 2144 293 2209 militibus
305 2155 450 2228 parceret,
466 2150 513 2210 oui
525 2145 684 2228 plurimum
698 2168 748 2211 vos
759 2150 932 2230 imperatori
944 2155 1041 2209 vestm

71 2233 254 2304 crederetis,
273 2251 341 2295 eum
359 2233 457 2311 elegit.
489 2251 593 2313 paoem
609 2235 696 2295 etiam
712 2236 762 2314 qui
775 2236 895 2294 vincere
917 2237 1082 2312 possuntt&
1182 2244 1183 2247 ¹

72 2314 192 2379 uolunt:
210 2316 282 2398 quid
297 2335 351 2380 nos
362 2317 436 2379 velle
452 2317 586 2397 oporteti
599 2319 670 2399 quin
682 2319 797 2380 omissis
806 2320 851 2379 ira
866 2325 895 2378 et
908 2335 970 2396 spe,
986 2315 1039 2378 lal-

71 2400 190 2463 laoibos
212 2401 400 2470 auctoribus,
427 2420 481 2463 nos
507 2404 587 2482 ipsos
608 2410 766 2484 nostraque
788 2402 886 2465 omnia
907 2403 1039 2480 cognitae

70 2487 276 2566 permittimus
291 2485 402 2549 udelr‘
730 2520 732 2523 -

139 2570 215 2631 xtl.
237 2570 476 2653 Adprobantibus
488 2568 619 2631 elamore
631 2569 744 2628 cunetis
760 2569 794 2627 Τ.
807 2568 961 2639 Quinotius
973 2576 1041 2631 ante
1058 2574 1070 2624 t

71 2657 160 2734 sigua
183 2672 361 2734 progressus
381 2656 413 2715 in
426 2659 571 2734 potestate
589 2650 740 2712 dictatoris
753 2650 862 2712 milites
874 2650 938 2711 lore
951 2648 1039 2723 dixit;

71 2739 180 2806 oravit,
198 2745 357 2801 utuausam
364 2740 541 2800 miserorum
554 2736 659 2797 citium
672 2735 845 2815 susciperet,
857 2742 1039 2814 susceptam·

72 2841 132 2903 que
143 2823 248 2885 eadem
256 2823 322 2894 fide,
335 2841 392 2904 qua
399 2841 464 2884 rem
475 2819 623 2901 publicam
632 2819 836 2882 administrare
842 2819 945 2884 solitus
953 2829 1038 2891 esset,

73 2915 224 2968 tueretur.
254 2905 311 2968 sibi
325 2926 357 2969 se
373 2907 509 2988 privatim
529 2904 602 2966 nibil
625 2922 743 2975 cavere:
767 2904 846 2967 nulle
869 2904 939 2966 alibi
953 2913 1071 2985 quam2

73 2993 106 3051 tn
117 2993 290 3053 innocentia
303 3010 386 3071 spem
397 2989 524 3059 habese3
537 2989 677 3052 militibus
689 2989 860 3061 cavendum,
873 2988 950 3068 quod
962 2989 1039 3067 apud

74 3083 178 3155 patres
192 3074 286 3137 semel
297 3074 385 3155 plebi,
399 3076 506 3135 iterum
520 3072 684 3152 legionibus
698 3080 815 3136 cautum
829 3075 875 3144 sit,
894 3092 931 3133 ne
943 3071 1039 3131 fraudi

73 3162 206 3221 secessio
232 3167 318 3221 esset.
357 3159 492 3232 Quinctio
516 3157 705 3229 conlaudato,
722 3159 828 3220 ueteris
845 3157 956 3218 bouum
976 3156 1070 3215 ani-3

73 3261 158 3306 mum
172 3242 285 3305 habere
300 3244 386 3305 iussis
400 3243 526 3303 dictator
541 3261 616 3322 equo
628 3243 715 3303 uitato
730 3242 767 3303 ad
784 3240 889 3301 urbem
905 3243 1039 3300 reuectus

72 3327 247 3394 auctoribus
266 3326 482 3408 patribustolit
498 3326 533 3388 ad
548 3325 689 3406 populum
706 3327 736 3385 in
751 3324 818 3385 luco
832 3322 979 3394 Petelino,
1002 3340 1039 3384 ne

72 3415 121 3474 eui
138 3411 269 3474 militum
286 3411 382 3473 iraudi
397 3413 524 3475 secessio
541 3418 631 3478 esset;
653 3409 746 3470 oravit
761 3410 849 3468 etiam
863 3407 940 3469 bona
956 3408 1038 3466 venia

73 3496 224 3569 Quirites,
248 3513 286 3557 ne
307 3497 373 3576 quis
396 3513 462 3558 eam
484 3512 547 3555 rem
567 3495 632 3554 ioco
647 3494 760 3552 serioue
781 3494 917 3571 cuiquam
934 3506 1038 3567 expro-
