2350 3922
267 243 361 285 cinna
375 243 465 284 xxm.
488 241 556 284 car.
572 228 614 280 29.
632 229 673 281 30.
691 219 731 302 [a.
747 223 781 285 0.
796 221 857 304 216]
979 228 1041 290 349

76 410 156 473 quae
178 397 367 471 posteaquam
392 390 498 451 litteris
518 390 688 468 Scipionum
706 389 816 450 Romae
832 387 944 467 volgata
963 398 1039 460 sunt,
1052 397 1084 449 lt

76 493 142 537 non
163 484 224 536 tarn
244 476 365 535 victoria
386 493 474 555 quam
494 473 643 553 prohibito
665 470 856 534 Hasdrubalis
880 475 912 532 iu
931 472 1043 535 ltaliam

76 560 207 621 transitu
222 558 415 621 laetabantur.

144 642 234 703 XXX.
278 642 353 719 Dum
377 643 451 703 baec
471 644 503 702 in
522 641 663 730 Hispania
691 646 848 733 geruntur,
877 637 986 701 Petelia
1010 642 1071 701 int
1100 658 1108 687 τ

77 729 205 790 Bruttiis
232 725 344 805 aliquot
366 733 434 806 post
457 743 552 787 mensr
573 741 608 786 us
632 741 721 803 quam
748 741 821 803 coep
837 731 860 784 a
879 725 1044 802 oppugnari

77 819 147 872 erat
170 809 206 871 ab
228 807 392 871 Himilcone
420 810 572 890 praefecto
596 805 769 869 Hannibalis
793 815 959 886 expugnata
987 813 1041 868 est.

77 894 176 958 multo
192 892 381 973 sanguineae
395 892 861 956 volneribuseaPoenisvictoria
875 892 972 959 stetit,
989 901 1072 952 neca

76 978 142 1041 ulla
153 979 248 1055 magis
261 978 303 1037 vis
314 976 450 1039 obsessos
461 995 549 1058 quam
561 977 654 1038 fames
669 976 854 1054 expugnavit.
878 974 1069 1054 absumptist

79 1063 164 1124 enim
180 1060 299 1139 frugum
320 1060 467 1123 alimentis
487 1062 642 1140 carnisque
662 1060 759 1119 omnis
778 1060 896 1136 generis
916 1058 1044 1137 quadru-

79 1145 194 1226 pedum
209 1152 310 1205 suetae
327 1147 518 1224 insaniaeque
528 1191 541 1227 ,t
558 1151 709 1224 postremo
729 1143 817 1203 coriis
839 1140 999 1222 herbisque
1015 1150 1045 1205 et

81 1227 234 1290 radicibus
247 1235 279 1289 et
288 1227 447 1289 corticibus
457 1229 569 1288 toneris
583 1229 751 1306 strictisque
764 1225 843 1288 foliis
856 1228 970 1299 vixere,
989 1237 1073 1288 nece

2 1322 4 1348 ³
63 1320 169 1381 ante,
192 1328 279 1391 mam
294 1313 371 1373 vires
391 1312 429 1375 ad
450 1310 586 1371 standum
607 1313 639 1370 in
654 1310 748 1372 muris
763 1309 945 1391 ferendaque
963 1329 1044 1373 arma

83 1397 225 1466 deerant,
241 1397 398 1476 expugnati
413 1384 642 1494 suptdrecepta
653 1392 764 1456 Petelia
784 1392 900 1455 Poenus
915 1394 953 1454 ad
968 1396 1073 1458 Con-5

2 1515 3 1518 π
82 1481 209 1545 sentiam
225 1480 325 1559 copias
338 1480 484 1549 traducit,
508 1495 596 1558 quam
617 1479 715 1538 minus
734 1479 924 1557 pertinaciter
943 1477 1045 1539 delen·

2 1582 3 1585 ’
83 1581 148 1625 sam
163 1564 241 1624 intra
256 1581 365 1641 paucos
383 1564 445 1625 dies
459 1564 490 1624 in
501 1563 679 1623 deditionem
695 1563 816 1640 accepit.
841 1560 934 1621 Isdem
951 1560 1075 1622 fermeo
1173 1576 1174 1583 ¹

3 1676 4 1679 ¹
83 1647 191 1709 diebus
202 1654 232 1706 et
242 1647 425 1708 Bruttiorum
437 1649 582 1708 exercitus
595 1646 761 1714 Crotonem,
777 1644 919 1705 Graecam
931 1644 1046 1716 urbem,

83 1730 290 1800 circumsedit,
306 1731 474 1811 opulentam
489 1728 636 1809 quondam
652 1729 742 1789 umis
758 1728 897 1808 virisque,
913 1737 976 1788 tum
987 1731 1046 1790 iam

47 1876 49 1883 ,
84 1815 162 1877 adeo
176 1813 276 1875 mulus
291 1817 464 1894 magnisque
482 1813 614 1875 cladibus
628 1811 790 1883 addictam,
806 1818 839 1873 ut
855 1813 951 1874 omnis
966 1818 1046 1873 aeta·

83 1901 125 1961 tis
151 1899 251 1959 minus
273 1896 330 1959 duo
353 1897 435 1960 milia
456 1899 562 1959 civium
579 1903 778 1977 superessent.
813 1897 912 1978 itaque
931 1895 1007 1957 urbe
1028 1905 1072 1958 at

83 1981 293 2044 defensoribus
315 1989 394 2044 rasta
416 1980 502 2043 laclle
521 1982 607 2062 potiti
625 1978 724 2043 hostes
750 1988 833 2050 sunt:
857 2000 910 2043 arx
932 1989 1045 2043 tantum

84 2072 203 2127 retenta
240 2068 272 2125 in
295 2083 383 2145 quam
402 2067 483 2128 inter
502 2064 659 2127 mmultum
681 2071 785 2144 captae
810 2084 846 2126 ur
867 2083 892 2124 rs
913 2084 929 2125 e
949 2084 997 2124 me
1018 2083 1047 2125 ra

83 2167 141 2211 cae
163 2150 310 2229 equidem
321 2149 461 2228 elingere.
487 2157 517 2210 et
531 2150 693 2211 Locrenses
705 2149 854 2210 descivere
867 2148 902 2207 ad
918 2148 1076 2208 Bruttiosn

87 2233 265 2313 Poenosque
277 2233 394 2312 prodita
409 2232 596 2294 multitudiue
616 2230 834 2311 aprincipibus.
860 2231 966 2311 Regini
983 2237 1075 2290 tan-n

85 2316 242 2379 tummodo
257 2317 388 2394 regionis
407 2316 469 2376 eius
491 2324 521 2376 et
541 2317 574 2374 in
588 2314 646 2374 fide
667 2330 737 2391 erga
751 2313 899 2375 Romanos
916 2321 946 2373 et
962 2321 1046 2393 pote·

83 2402 173 2462 statis
188 2418 258 2461 suae
273 2400 310 2460 ad
327 2398 462 2461 ultimum
477 2404 659 2459 manserunt

153 2483 186 2543 ln
194 2482 323 2544 Siciliam
329 2501 446 2563 quoque
454 2481 558 2543 eadem
567 2481 718 2542 inclinatio
725 2482 890 2545 animorum
901 2484 1043 2561 pervenit,
1057 2489 1090 2541 10

81 2575 170 2650 eppe
183 2567 289 2653 dpmus
306 2567 425 2657 quidem
438 2567 576 2628 Hieronis
592 2571 653 2644 tota
668 2563 705 2641 ab
722 2565 886 2647 deiectione
897 2563 1046 2645 pbstin‘t.

88 2668 219 2731 namque
256 2668 317 2723 eo,
333 2668 477 2712 maxumus
492 2651 593 2730 stupis
607 2654 775 2726 contempta
793 2646 880 2710 simul
894 2655 1045 2709 senectute
1058 2656 1087 2707 11

88 2736 200 2815 patris,
222 2734 309 2795 simul
329 2741 396 2815 post
410 2734 594 2796 Cannensem
614 2730 728 2793 cladem
754 2732 886 2794 Romana
906 2732 1047 2794 societate

83 2819 127 2880 ad
144 2817 260 2879 Poenos
281 2817 401 2888 defecit,
422 2819 618 2897 movissetque
640 2816 672 2876 in
692 2816 790 2878 Sicilia
810 2834 872 2888 res,
893 2816 950 2877 nisi
965 2834 1046 2878 mors
1058 2824 1090 2874 12

84 2902 166 2963 adeo
181 2910 363 2982 opportuna,
378 2909 412 2964 nt
425 2909 540 2982 patrem
555 2917 672 2982 quoque
686 2902 852 2980 suspicione
867 2908 1046 2982 aspergeret,

84 2994 256 3047 armantem
275 3003 343 3047 eum
363 2984 580 3048 multitudinem
598 2982 861 3063 sollicitantemque
882 2988 978 3047 socios
996 2984 1047 3045 ab·

86 3072 272 3149 sumpsisset.
304 3070 378 3130 baec
400 3088 435 3130 eo
455 3088 532 3135 enno
547 3071 579 3129 iu
593 3067 686 3138 ltalia,
710 3070 740 3127 in
756 3067 869 3139 lirion,
891 3070 922 3130 in
938 3067 1045 3139 Sicilia,

87 3158 121 3216 in
137 3154 277 3234 Hispania
291 3156 371 3214 vario
385 3161 491 3215 eventu
506 3162 579 3214 acta.

152 3238 240 3299 Exitu
262 3239 333 3301 anni
346 3238 379 3310 Q.
396 3237 504 3299 Fabius
518 3237 661 3298 Maximus
677 3253 694 3297 a
708 3242 812 3297 senatu
824 3233 993 3315 postulavit,
1012 3244 1045 3297 ut
1057 3243 1089 3296 13

89 3323 197 3385 aedem
208 3321 331 3382 Veneris
341 3322 500 3393 Erucinae,
517 3338 606 3401 mam
617 3320 742 3381 dictator
753 3319 891 3389 vovisset,
908 3318 1046 3381 dedicare

89 3407 206 3483 liceret.
236 3412 354 3466 senatus
377 3405 520 3473 decrevit.
540 3412 573 3466 ut
593 3402 637 3464 Ti.
653 3403 846 3484 Sempronlus
867 3401 969 3465 consul
991 3403 1042 3465 de·
1056 3410 1088 3461 14

85 3492 227 3568 signatus
269 3491 490 3569 cumprimum
517 3488 661 3550 bonorem
685 3489 789 3551 inisset
837 3487 875 3549 ad
902 3486 1045 3567 populum
