2396 3920
225 206 318 248 araur
330 207 398 250 rm.
415 207 482 250 can.
499 196 540 247 14.
559 185 707 271 15.16.[a.
723 190 758 253 O.
773 197 833 251 338.
846 188 907 272 337]
1004 196 1045 260 65

37 416 40 419 .
63 434 66 441 ¹
90 357 193 419 munis
217 353 363 416 rebellare
383 354 561 426 noluissent,
590 355 798 437 Fundanisque
820 365 850 418 et
870 357 1044 429 Formianis,
1062 379 1077 457 q

87 440 157 522 qnod
178 456 239 520 per
259 439 327 499 linis
341 457 444 500 eorum
466 446 528 502 tuta
548 448 709 520 pacataque
730 458 847 520 semper
866 441 969 519 luisset
989 442 1044 517 via,
1070 466 1076 477 ·
1161 444 1166 453 '

85 527 180 586 civitas
192 525 260 585 sine
276 522 416 602 suffragio
430 522 507 586 data.
537 523 682 587 Cumanos
700 523 950 606 Suessulanosque
968 512 1085 587 eius-ll
1157 592 1162 601 ,

82 608 145 670 dem
156 610 235 669 iuris
247 606 502 686 condicionisque,
518 610 601 669 cuius
612 606 754 689 Capuam,
770 626 834 669 esse
844 608 963 688 placuit.
990 627 1042 669 na·
1055 617 1087 677 12

80 712 126 754 res
136 692 309 754 Antiatium
324 691 433 769 partim
452 693 484 752 in
504 690 615 753 navalia
630 692 741 754 Romae
761 690 923 755 subductae
936 695 1044 774 partim

77 778 236 846 incensae,
252 775 418 855 rostrisque
431 793 534 836 earnm
550 783 722 854 suggestum
735 778 766 837 in
781 774 846 836 loro
863 785 1044 839 exstructum

78 860 222 923 adornari
237 858 362 940 placuit,
380 867 535 940 rostraque
550 859 580 920 id
595 860 736 939 templum
750 858 938 942 appellatum.
1172 900 1174 941 ς

137 945 202 1007 XV.
237 943 269 1005 C.
282 941 412 1020 Sulpicio
427 944 528 1022 Longo
544 943 576 1005 P.
593 943 675 1005 bello
686 945 776 1008 Paeto
791 942 962 1006 consulibus
977 962 1044 1005 cum
1062 951 1075 1002 1
1173 948 1175 1017 i

78 1031 177 1090 omnia
206 1032 270 1089 non
293 1044 366 1106 opes
390 1029 484 1106 magis
503 1027 653 1089 Romanae
679 1046 768 1108 quam
789 1028 940 1090 beneflciis
962 1035 1044 1108 parta
1173 1024 1175 1107 l

79 1114 172 1190 gratia
201 1111 281 1172 bona
305 1129 378 1190 pace
400 1111 561 1183 obtineret,
583 1114 661 1172 inter
676 1113 821 1175 Sidicinos
834 1113 1044 1194 Auruncosque
1071 1114 1075 1120 '

81 1195 191 1258 bellum
207 1203 316 1265 crtum.
344 1195 476 1258 Aurrrnci
487 1214 507 1256 u
518 1195 552 1256 Τ.
568 1193 675 1259 Manlio
688 1196 807 1260 consule
821 1200 852 1258 in
865 1195 1045 1258 deditionem
1060 1206 1084 1261 22
1175 1214 1176 1259 f

81 1282 197 1359 accepti
211 1277 286 1353 nihil
308 1279 415 1341 deinde
439 1288 605 1341 moverant:
626 1298 662 1341 eo
675 1281 796 1362 petendi
816 1280 916 1342 auxilii
933 1281 970 1342 ab
986 1281 1045 1342 Ro·
1079 1326 1083 1333 .

85 1366 176 1424 manis
193 1381 279 1424 causa
297 1364 401 1425 iustior
417 1362 486 1425 luit
509 1363 562 1425 sed
575 1364 748 1444 priusquam
763 1363 899 1426 consules
917 1363 953 1426 ab
969 1364 1081 1437 urbeis

88 1480 124 1491 -
141 1447 266 1511 iusserat
283 1449 363 1508 enirn
378 1455 495 1509 senatus
513 1446 631 1507 delendi
646 1449 800 1509 Auruncos
823 1481 859 1493 -
881 1450 1044 1508 exercitum
1074 1477 1080 1489 ·
1176 1458 1177 1465 ’

89 1529 259 1601 educerent,
280 1530 360 1594 lama
383 1531 517 1594 adfertur
532 1531 688 1591 Auruncos
709 1538 791 1591 metu
804 1531 945 1609 oppidum
960 1530 1043 1590 dese·
1059 1538 1078 1593 ⁴

88 1615 183 1675 ruisse
201 1615 400 1695 profugosque
423 1633 491 1676 cum
517 1613 691 1693 coniugibus
718 1631 752 1677 ac
777 1611 878 1673 liberis
907 1614 1043 1674 Suessam

83 1700 298 1770 communisse,
315 1718 389 1778 quae
405 1717 484 1759 nunc
500 1699 637 1760 Aurunca
652 1696 812 1779 appellata,
835 1698 952 1758 moenia
970 1699 1044 1758 anti·

81 1801 136 1863 qua
148 1801 258 1844 eorum
270 1782 437 1863 urbemque
452 1782 489 1844 ab
505 1782 644 1844 Sidicinis
655 1783 791 1844 deletam.
817 1781 855 1842 ob
868 1800 902 1843 ea
913 1781 1046 1844 infensus
1059 1790 1085 1847 ti,

81 1867 253 1929 consulibus
264 1876 391 1938 senatus,
404 1885 530 1948 quorum
536 1869 723 1928 cunctatione
735 1864 844 1947 proditi
855 1868 1042 1937 sociiessent,
1083 1874 1086 1880 '

81 1951 257 2015 dictatorem
272 1952 331 2012 dici
344 1953 438 2014 iussit.
478 1951 572 2012 dictus
587 1951 618 2013 C.
634 1949 770 2014 Claudius
786 1949 961 2030 Regillensis
981 1971 1042 2013 ma·
1076 1980 1080 2024 ;

80 2038 206 2114 gisum
228 2037 361 2115 equitum
384 2036 415 2097 C.
432 2034 584 2097 Claudium
608 2036 797 2097 Hortatorem
818 2035 900 2095 dixit.
940 2033 1083 2112 religiooi·

79 2121 145 2182 inde
169 2121 280 2181 iniecta
303 2119 339 2179 de
356 2118 513 2190 dictatore,
537 2125 653 2180 etcum
675 2137 802 2198 augures
823 2119 897 2178 vitio
912 2125 1043 2177 creatum
1080 2118 1088 2179 i

79 2204 173 2266 rideri
196 2202 353 2273 dixissent,
380 2204 505 2264 dictator
527 2207 725 2284 magisterque
743 2203 877 2283 equitum
898 2218 930 2261 se
951 2202 1043 2279 magi·

78 2295 175 2350 stratu
191 2287 374 2350 abdicarunt.
1085 2301 1092 2331 ³·

138 2372 188 2434 Eo
200 2390 279 2433 anno
290 2371 416 2434 Minucia
427 2371 550 2434 Vestalis
564 2378 699 2452 suspecta
709 2372 806 2451 primo
820 2376 944 2451 propter
958 2386 1043 2430 mun·
1058 2375 1073 2424 7

78 2456 196 2519 dionem
218 2457 295 2517 iusto
318 2455 444 2528 cultum,
468 2454 635 2516 insimulata
655 2454 762 2514 deinde
792 2452 869 2537 apud
890 2453 1075 2533 pontificesa

78 2540 113 2602 ab
125 2538 231 2603 indice
243 2557 345 2609 servo,
361 2558 429 2602 cum
444 2541 564 2600 decreto
581 2555 684 2598 eorum
699 2540 776 2597 iussa
792 2544 870 2612 esset
884 2537 976 2595 sacris
992 2535 1042 2593 ab·

78 2627 194 2686 stinere
207 2622 408 2704 familiamque
423 2626 454 2684 in
469 2627 614 2704 potestate
625 2619 751 2688 habere,
768 2619 845 2678 lactc
860 2617 968 2678 indicio
981 2618 1044 2699 vira

78 2709 133 2770 sub
159 2715 274 2768 terram¹
290 2707 327 2769 ad
349 2715 466 2787 portam
483 2699 627 2769 Collinam
646 2703 726 2764 iuxta
749 2704 825 2763 viam
850 2707 973 2763 stratam
993 2701 1044 2761 de·

79 2791 161 2854 lassa
175 2790 321 2854 scelerato
338 2810 452 2873 campo.
482 2788 572 2852 credo
586 2788 623 2851 ab
636 2789 749 2849 incesto
763 2787 793 2848 id
810 2788 839 2848 ei
852 2785 918 2849 loco
933 2803 1042 2847 nomen

79 2875 203 2938 lactum.

143 2960 258 3021 Eodem
270 2977 348 3022 anno
361 2959 396 3032 Q.
407 2957 551 3020 Publilius
561 2957 645 3019 Philo
656 2964 776 3037 praetor
786 2958 900 3035 primus
911 2954 947 3016 de
958 2953 1045 3034 plebe
1060 2958 1078 3010 9

81 3043 259 3105 adversante
269 3043 400 3123 Sulpicio
416 3042 554 3113 consule,
573 3042 623 3123 qui
637 3040 763 3120 negabat
776 3042 921 3101 rationem
933 3039 996 3097 eius
1011 3054 1044 3095 se

82 3126 269 3200 habiturum,
287 3135 332 3188 est
345 3127 439 3189 lactus
453 3133 572 3197 senatu,
591 3127 704 3186 cumin
721 3126 843 3185 summis
860 3121 993 3198 imperiis
1013 3117 1044 3179 id

84 3229 143 3272 non
159 3212 350 3282 obtinuisset,
365 3212 464 3272 minus
480 3212 513 3272 iu
526 3217 666 3291 praetura
684 3207 865 3268 intendente.

145 3295 221 3358 XVl.
255 3295 418 3376 Insequens
445 3312 553 3366 annus,
583 3294 616 3354 b.
638 3292 756 3368 Papirio
773 3289 882 3352 Crasso
914 3285 1075 3348 Caesonet

86 3378 191 3441 Duillio
212 3378 399 3450 consulibus,
423 3380 575 3440 Ausonum
599 3375 694 3455 magis
719 3390 795 3434 novo
825 3389 913 3451 quam
938 3388 1045 3449 magno

86 3459 163 3525 bello
178 3462 235 3525 fuit
249 3464 384 3542 insignis.
421 3480 454 3523 ea
474 3479 547 3541 gens
561 3458 645 3523 Gales
659 3458 763 3519 urbem
780 3456 944 3524 incolebam
968 3454 1043 3516 Sidi·
1059 3462 1078 3508 a

131 3577 156 3614 r.
174 3578 238 3615 am
256 3576 327 3614 rins
345 3577 380 3614 11.
822 3546 842 3604 5
