2350 3922
278 212 372 254 braun
386 211 483 255 nnn.v
493 210 561 254 oar.
578 198 620 249 15.
636 187 675 271 [a.
694 193 728 269 Ο.
746 191 813 273 mo]
967 197 1028 261 333

56 362 99 425 ab
113 361 187 440 ipsis
199 358 398 438 Neapolitanis
409 362 520 421 accitus
533 392 590 429 -,
604 357 726 438 Neapoli
738 377 854 438 quoque
868 359 943 421 sicut
954 358 1028 422 Nola

55 446 175 507 omissa
198 444 273 523 petit
291 443 458 504 Nuceriam.
494 462 559 503 eam
581 461 647 504 cum
669 441 847 522 aliquamdiu
868 445 1056 506 cucuma-a
1166 476 1167 485 .

54 530 173 598 disset,
188 529 328 604 saepem,
346 544 434 605 saepo
446 525 637 588 sollicitandis
652 528 830 606 nequiquam
842 544 921 587 nunc
930 527 1025 607 plebe,

54 630 146 675 nunc
169 610 369 691 principibus,
400 611 479 672 lame
500 611 618 672 demum
644 613 675 671 in
697 610 876 672 deditionem
902 614 1023 690 accepit,

54 706 178 777 pactus,
191 702 225 756 ut
236 697 367 755 inermes
374 712 441 755 cum
448 695 570 774 singulis
576 695 692 756 abirent
701 695 888 756 vestimentis.
910 694 1026 765 deinde,
1039 703 1055 752 4

54 789 91 842 ut
107 781 164 861 qui
180 798 197 840 a
211 780 358 858 principio
377 780 457 839 mitis
473 777 609 840 omnibus
624 778 731 841 Italicis
744 788 864 858 praeter
877 778 1027 839 Romanos

54 864 158 925 videri
173 863 275 933 vellet,
292 863 424 943 praemia
442 871 529 942 atque
544 864 688 934 bonores,
711 865 762 943 qui
777 864 975 924 remanserint
992 881 1026 924 ac

54 949 193 1009 militare
209 965 309 1008 secum
325 946 498 1017 voluissent,
520 951 682 1028 proposuit.
716 962 773 1008 nec
793 965 826 1007 ea
850 965 902 1025 spe
923 953 1055 1027 quem-o

55 1049 152 1114 quam
167 1033 274 1091 tenuit:
294 1031 398 1111 dilapsi
412 1048 530 1107 omnes,
553 1049 738 1112 quocumque
753 1032 879 1110 hospitia
899 1039 949 1092 aut
965 1031 1025 1091 ior·

52 1118 155 1177 tuitus
171 1116 262 1174 animi
275 1117 402 1192 impetus
416 1114 497 1185 tulit,
514 1134 568 1194 per
584 1117 759 1197 Campaniae
775 1115 880 1187 urbes,
897 1117 1025 1177 maxime

53 1199 169 1263 Nolam
192 1198 413 1278 Neapolimque.
452 1217 519 1260 cum
543 1200 638 1261 serme
666 1201 785 1278 triginta
814 1207 967 1261 senatores
990 1205 1054 1260 act

53 1285 140 1347 lorte
152 1284 268 1362 primus
282 1284 405 1363 quisque
417 1284 544 1362 Capuam
556 1286 712 1362 petissent,
728 1283 839 1346 exclusi
853 1284 930 1355 inde,
946 1285 1025 1364 quod

53 1376 165 1449 portas
179 1366 338 1428 Hannibali*
352 1366 538 1437 clausissent,
560 1367 666 1428 Cumas
682 1385 714 1427 se
732 1367 929 1428 contulerunt.
963 1369 1024 1430 Nu·

55 1453 162 1514 aeriae
177 1451 287 1529 praeda
300 1451 387 1511 militi
401 1451 467 1511 data
491 1460 549 1522 est,
570 1450 642 1512 urbs
656 1451 770 1529 direpta
786 1458 872 1530 atque
892 1453 1029 1513 incensa·

122 1534 229 1596 Nolam
244 1534 400 1596 Marcellus
414 1554 474 1595 nou
490 1538 535 1596 sui
550 1537 642 1613 magis
652 1535 759 1596 iiducia
779 1534 919 1614 praesidii
936 1542 1051 1614 quami

53 1619 214 1683 ‘voluntate
241 1621 408 1698 principum
434 1618 570 1680 habebat.
609 1617 693 1699 plebs
716 1617 875 1685 timebatur
901 1627 932 1678 et
956 1625 1024 1679 ante

53 1705 160 1767 omnis
173 1701 206 1763 L.
220 1703 357 1772 Bantius,
375 1722 463 1782 quem
482 1706 661 1766 conscientia
676 1710 833 1783 temptatae
850 1702 1023 1764 delectionis

53 1795 94 1851 ac‘
105 1784 209 1848 ‘metus
220 1806 236 1848 a
251 1793 389 1866 praetore
404 1787 537 1848 Romano
549 1805 628 1848 nunc
642 1788 679 1848 ad
691 1787 888 1865 proditionem
900 1788 1022 1867 patriae,

54 1890 166 1942 nunc,v
179 1871 205 1932 si
226 1870 262 1932 ad
280 1870 311 1931 id
325 1871 442 1931 fortuna
460 1870 614 1941 defuisset,
640 1872 677 1932 ad
700 1871 955 1950 transfugiendum
971 1874 1022 1933 sti·

55 1955 203 2019 mulabat.
245 1962 308 2015 erat
331 1957 444 2017 iuvenis
471 1973 539 2017 acer
565 1964 595 2017 et
620 1958 767 2018 sociorum
795 1975 830 2017 ea
847 1964 1050 2037 tempestate8

52 2058 156 2122 prope
170 2038 370 2099 nobilissimus
386 2059 485 2119 eques.
522 2043 701 2102 seminecem
719 2060 785 2101 eum
808 2040 844 2102 ad
861 2041 976 2103 Cannas
990 2044 1022 2101 in

53 2142 167 2186 acervo
183 2141 335 2184 caesorum
352 2142 510 2203 corporum
525 2128 676 2187 inventum
688 2133 881 2203 curatumque
893 2123 1022 2201 benigne

55 2212 149 2272 etiam
175 2225 242 2268 cum
266 2207 350 2268 donis
376 2208 522 2268 Hannibal
548 2209 667 2269 domum
693 2210 856 2268 remiserat.
900 2205 938 2268 ob
959 2209 1050 2268 eiust

53 2293 186 2372 gratiam
206 2292 304 2351 meriti
318 2309 383 2352 rem
398 2290 539 2352 Nolanam
556 2293 587 2351 in
602 2294 648 2351 ius
662 2291 867 2368 dicionemque
886 2290 956 2350 dare
971 2310 1020 2350 vo·

53 2378 156 2438 luerat
169 2377 285 2446 Poeno,
310 2373 488 2453 anxiumque
503 2380 570 2435 eum
587 2382 617 2435 et
634 2373 789 2434 sollicitum
808 2390 878 2433 cura
895 2374 1021 2434 novandi

53 2478 109 2522 res
119 2466 241 2538 praetor
257 2458 407 2519 cernebat.
436 2466 567 2519 ceterum
580 2477 645 2519 cum
665 2466 714 2518 aut
728 2475 822 2537 poena
838 2457 1019 2519 cohibendus
1032 2466 1063 2516 10

54 2551 139 2605 esset
161 2552 211 2605 aut
231 2542 374 2603 beneficio
397 2541 613 2614 conciliandus,
637 2541 692 2603 sibi
713 2542 911 2619 adsumpsisse
932 2560 1019 2620 quam

52 2628 138 2689 hosti
155 2625 298 2687 ademisse
322 2628 429 2687 lortem
446 2644 481 2687 ac
497 2634 649 2687 strenuum
670 2624 772 2686 maluit
791 2626 919 2696 socium,
943 2626 1019 2685 acci-

53 2720 181 2789 tumque
200 2710 236 2770 ad
251 2728 283 2770 se
298 2710 425 2789 benigne
442 2709 583 2789 appellat:
601 2708 709 2771 multos
728 2725 794 2769 euni
810 2709 925 2769 invidos
939 2710 1017 2770 inter
1030 2717 1060 2766 11

54 2794 211 2876 popularis
226 2793 338 2855 habere
353 2796 423 2854 inde
439 2796 605 2856 existimatu
626 2793 711 2855 facile
733 2811 814 2865 esse,
837 2794 915 2875 quod
932 2813 1030 2863 nemo,

54 2877 267 2940 civis'Nolanus
279 2877 334 2938 sibl
345 2878 525 2949 indicaverit,
542 2898 629 2958 quam
641 2878 732 2940 multa
744 2880 806 2938 eius
818 2880 936 2957 egregia
948 2880 1019 2939 laci-

54 2980 133 3023 nora
145 2961 283 3023 militaria
290 2972 403 3032 essent;
419 2963 471 3023 sed
479 2965 529 3042 qui
540 2964 717 3024 inllomanis
732 2962 899 3023 militaverit
905 2964 1016 3033 castris,
1030 2970 1062 3019 12
1166 3014 1167 3017 ,

54 3063 118 3106 non
134 3063 221 3125 posse
239 3045 395 3107 obscuram
410 3048 473 3107 eius
494 3049 630 3109 virtutem
647 3065 720 3107 esse.
754 3044 861 3107 multos
876 3047 947 3116 sibi,
969 3049 1020 3125 qui

54 3146 126 3190 cum
139 3147 175 3192 eo
185 3129 331 3210 stipendia
345 3131 484 3201 fecerint,
502 3132 631 3201 referre,
647 3132 697 3210 qui
708 3132 752 3190 vir
764 3138 840 3190 esset
854 3129 912 3198 ille,
929 3148 1018 3209 quae·

54 3231 116 3292 que
139 3222 169 3274 et
189 3216 325 3294 quotiens
352 3213 482 3294 pericula
505 3234 560 3294 pro
582 3215 675 3276 salute
696 3229 731 3275 ao
755 3214 895 3292 dignitate
916 3214 1019 3293 populi

52 3297 185 3358 Romani
200 3298 324 3369 adisset,
341 3300 442 3379 utique
459 3299 605 3360 Cannensi
615 3298 729 3379 proelio
744 3316 805 3358 non
816 3300 899 3377 prius
917 3317 1016 3377 pugna
1029 3303 1061 3356 la
1166 3372 1167 3375 Ἴ

54 3376 219 3452 abstiterit,
244 3400 331 3461 qnam
352 3401 447 3462 prope
467 3385 608 3462 exanguis
632 3387 718 3445 ruina
736 3382 1017 3462 superincidentium

55 3466 205 3531 virorum,
231 3484 373 3545 equorum
397 3485 605 3549 armorumque
626 3471 664 3531 sit
688 3485 856 3549 oppressus.
893 3468 1016 3546 „itaque
1030 3473 1062 3523 tt
