2290 3920
303 224 398 275 arana
410 164 490 267 ειη.
507 205 546 290 [a.
563 210 596 271 c.
613 214 673 270 ara.
689 207 750 290 arr]
952 210 1015 273 259

331 555 517 619 anatoclia
539 557 639 619 Lllilll
656 557 746 619 XXII.

13 814 14 819 ¹
69 783 182 836 Elimiam
559 807 591 843 na
609 808 630 842 rr
649 807 708 842 uoe
741 808 764 841 rr
914 803 945 840 us
970 803 1012 838 rne

70 853 348 923 ¹¹2an
374 859 400 911 G.
414 859 552 909 Flaminius
564 875 666 921 consu,
702 874 743 908 om
789 871 936 917 emeramus,
951 869 1010 906 con·

13 958 15 961 a
70 923 101 965 int
111 921 219 986 auspicia
231 921 360 986 proiectus
374 927 452 990 signis
465 926 615 977 militaribus
628 927 743 988 effossis,
761 940 826 988 qnae
837 923 890 974 tolli
902 937 951 972 non
964 936 1010 987 po·

69 992 150 1049 terant,
168 997 191 1036 et
207 987 241 1040 ab
259 1006 338 1055 equo,
357 1008 431 1055 quem
449 994 642 1054 conscenderat,
659 1008 705 1058 per
717 1000 793 1058 capnt
810 990 961 1048 devolutus,
974 991 1012 1037 in·

69 1051 131 1101 ridiis
147 1054 179 1109 ab
197 1055 337 1109 Hannibale
352 1061 536 1113 circumventus
557 1061 590 1111 ad
613 1061 830 1125 Thrasymennum
853 1059 934 1107 lacum
955 1070 1011 1106 oum

13 1188 15 1191 v
70 1120 170 1173 exercitu
186 1139 276 1176 caesus
290 1134 337 1175 est.
361 1141 408 1176 sex
425 1127 508 1190 milia,
526 1142 590 1191 quse
609 1134 756 1193 eruperant,
767 1124 818 1175 ilde
830 1126 862 1176 ab
876 1122 1012 1173 Atherbale

70 1187 130 1249 data,
143 1190 247 1257 perfidia
256 1191 494 1243 Hannibalisrincta
503 1205 571 1245 sunt.
592 1210 648 1244 curn
660 1195 693 1243 ad
705 1194 819 1244 nuntium
833 1191 1012 1242 cladisllomas

70 1254 140 1305 luctus
149 1267 224 1323 esset,
238 1258 305 1308 duae
321 1265 412 1309 matres
425 1275 457 1310 ex
466 1262 596 1326 insperato
607 1261 716 1326 receptis
726 1260 784 1309 liliis
796 1260 889 1325 gaudio
899 1264 1013 1308 mortuae

70 1332 127 1372 sunt.
152 1325 184 1375 ob
196 1324 263 1375 hanc
283 1326 379 1376 cladem
398 1340 429 1375 ex
442 1326 573 1391 Sibyllinis
585 1327 658 1376 libris
669 1342 715 1376 rer
726 1342 825 1376 sacrum
837 1334 931 1378 votum.
955 1338 1011 1374 cum

71 1387 151 1441 deinde
168 1391 195 1452 Q.
209 1392 305 1442 Fabius
322 1393 447 1443 Maximus
470 1393 577 1443 dictator
596 1394 719 1443 adversus
736 1392 899 1442 Hannibalem
917 1391 1011 1441 missus

67 1455 137 1505 nollet
147 1458 199 1507 acle
211 1473 269 1509 curn
284 1473 313 1508 eo
323 1459 470 1524 confligere,
484 1466 611 1509 decontra
623 1458 733 1510 ieronem
745 1468 782 1508 tot
792 1458 903 1508 victoriis
914 1455 1010 1506 hostem

70 1526 172 1576 territam
183 1526 298 1575 adversis
306 1526 410 1589 proeliis
419 1525 522 1575 militem
531 1540 631 1591 pugnae
636 1526 811 1586 committeret,
824 1532 848 1573 et
859 1522 1011 1589 opponendo

69 1600 92 1635 te
102 1598 193 1640 tantum
206 1599 312 1641 conatos
325 1593 470 1644 Hannibalis
483 1593 615 1658 inpediret,
628 1593 661 1641 lt.
673 1591 798 1642 Minucios
810 1590 930 1654 magister
941 1588 1012 1651 equi·-

69 1662 126 1716 tnm,
138 1657 208 1708 ierox
221 1668 246 1708 et
259 1661 423 1722 temerarius,
435 1659 592 1710 criminando
605 1660 750 1709 dictatorem
763 1666 891 1721 nmquam
909 1668 1012 1720 segnem

13 1742 14 1791 j
70 1729 90 1769 rt
100 1722 209 1775 timidum
223 1725 321 1789 effecit,
334 1737 362 1776 ut
373 1727 460 1792 populi
472 1728 543 1777 iussu
561 1736 711 1789 aequaretur
723 1726 745 1775 el
757 1739 813 1775 curn
833 1724 953 1774 dictatore
964 1722 1013 1770 im·

12 1816 14 1819 -
69 1791 168 1851 perium
181 1793 316 1853 divisoque
325 1794 437 1843 exercitu
449 1809 505 1844 cum
517 1794 603 1855 iniquo
613 1795 667 1843 loco
680 1792 848 1855 conflixisset,
861 1800 886 1840 et
896 1790 922 1839 in
933 1788 1013 1838 maxi·
1061 1854 1062 1857 Ἴ

12 1854 13 1859 ’
69 1868 103 1903 mo
120 1858 265 1910 discrimine
284 1859 397 1924 legiones
416 1861 469 1910 elus
487 1869 585 1920 essent,
608 1860 801 1925 superveniente
823 1873 880 1919 cum
898 1856 1009 1908 exercitu
1062 1881 1064 1889 π

68 1920 135 1975 Fabio
148 1924 260 1977 Maximo
273 1925 417 1976 discrimine
429 1926 548 1977 liberatus
561 1934 610 1978 est.
639 1940 688 1992 quo
701 1925 821 1977 beneflcio
833 1927 916 1977 victus
928 1930 1010 1974 carim
1069 1962 1072 1983 ,

68 2000 118 2039 tum
129 2007 158 2043 eo
170 1993 256 2043 iunxit
261 1999 286 2042 et
295 2002 391 2059 patrem
398 2008 455 2044 eum
467 1995 595 2057 salutavit,
607 1994 724 2058 idemque
735 1993 916 2043 iaceremilites
927 1992 1009 2044 iussit.
1065 1996 1073 2063 ξ

67 2052 179 2109 Hannibal
190 2068 290 2112 vastata
302 2058 440 2126 Campania
456 2063 521 2111 inter
533 2060 670 2113 Casilinum
688 2061 811 2127 oppidum
829 2071 853 2110 et
865 2058 1009 2111 Calliculam
1065 2066 1068 2095 ἐ

68 2133 167 2176 montmn
179 2142 194 2175 a
205 2127 284 2177 Fabio
296 2126 382 2177 clusus
391 2128 523 2179 sarmentis
532 2129 566 2178 ad
576 2143 670 2186 cornua
681 2130 757 2179 boum
766 2128 874 2193 alligatis
886 2134 911 2175 et
923 2125 1008 2174 incen·
1066 2126 1070 2133 '

67 2189 260 2257 tispraesldinm
272 2192 455 2256 Romanorum,
474 2195 541 2257 quod
559 2195 702 2247 Calliculam
715 2195 852 2256 insidebat,
872 2192 969 2256 ingerit
987 2195 1011 2239 et

68 2255 99 2305 sic
110 2266 284 2326 transgressus
296 2269 334 2311 est
350 2262 450 2312 saltum.
474 2262 591 2326 idemque
603 2263 665 2313 Fabi
679 2262 781 2311 Maximi
795 2259 941 2320 dictatoris,
954 2271 1011 2306 eum
1064 2272 1067 2281 ·

68 2322 236 2392 circumposita
256 2338 349 2386 ureret,
365 2343 426 2393 agro
445 2330 571 2394 pepercit,
587 2338 616 2378 ut
632 2329 702 2378 iilum
719 2338 846 2390 tamquam
858 2325 1012 2391 proditorem

68 2402 106 2439 ans
124 2402 204 2444 ectum
216 2394 319 2448 lacera.
342 2395 448 2444 Aemilio
462 2395 638 2445 deindePaulo
656 2404 681 2443 et
692 2394 808 2444 Terentio
827 2393 940 2444 Varrone
951 2406 1013 2443 con·

67 2407 155 2509 nulibus
169 2468 193 2510 et
202 2462 310 2511 ducibus
320 2476 376 2512 cum
389 2462 498 2511 maxima
508 2461 579 2511 clade
590 2460 712 2511 adversus
721 2460 886 2510 Hannibalem
900 2460 932 2510 ad
946 2458 1012 2510 Can·

69 2537 107 2574 nas
123 2535 261 2592 pugnatum
285 2537 337 2588 est,
355 2542 479 2591 caesaque
501 2541 530 2576 eo
547 2528 642 2594 proelio
659 2528 830 2577 Romanorum
849 2526 1012 2590 quadraginta

69 2591 251 2655 quinquemillia
268 2608 325 2645 cum
338 2594 415 2645 Paulo
438 2594 543 2646 consule
555 2602 580 2643 et
591 2595 748 2644 senatoribus
765 2593 903 2659 nonaginta
916 2601 940 2641 et
951 2606 1013 2641 eon-

67 2659 184 2712 sularibus
196 2669 241 2712 aut
252 2661 384 2727 praetoriis
397 2671 439 2712 aut
451 2661 573 2712 aediliciis
585 2662 695 2725 triginta.
719 2666 778 2725 port
796 2674 860 2723 qnae
872 2674 929 2709 cum
941 2673 956 2708 a
968 2673 1013 2709 no·

68 2722 152 2777 bilibus
173 2729 378 2780 adulescentibus
411 2735 497 2795 raptor
514 2729 713 2796 desperationem
731 2728 865 2778 concilium
888 2726 919 2776 de
935 2726 1011 2776 relin-

69 2793 159 2852 quenda
175 2795 247 2844 ltalia
264 2795 381 2859 iniretur,
393 2744 428 2847 p).
443 2795 575 2847 Cornelius
592 2795 677 2860 Scipio
694 2796 811 2845 tribunus
827 2794 948 2855 militurn,
970 2794 1013 2856 qui

68 2856 194 2911 Africanus
212 2871 301 2928 postea
317 2871 423 2913 roratur
440 2873 491 2921 est,
516 2864 603 2914 stricto
622 2878 699 2930 super
718 2862 802 2928 capita
823 2861 1012 2912 deliberantium

68 2920 128 2999 ferro
145 2929 236 2978 iurarit
248 2944 276 2978 se
293 2944 339 2996 pro
359 2930 433 2980 hoste
453 2928 597 2980 habiturum
610 2946 680 2992 eum,
701 2929 743 2995 qui
765 2930 789 2979 in
810 2931 887 2978 verba
904 2944 950 2978 sua
962 2943 1012 2977 non

70 3002 183 3054 iurasset,
208 2995 354 3060 effecitque,
375 3005 403 3047 ut
416 3011 502 3047 omnes
524 3013 573 3048 non
585 2998 701 3047 relietum
720 2996 751 3046 iri
767 3012 782 3046 a
801 3010 830 3046 se
842 2995 939 3044 ltaliam
958 2995 1013 3044 ture

69 3054 167 3111 iurando
194 3064 418 3129 adstringereutun
451 3074 553 3130 propter
569 3066 719 3130 paucitatem
740 3064 845 3113 militnm
867 3070 922 3111 octo
943 3060 1012 3109 milis

69 3135 191 3178 terrorum
210 3138 304 3180 armata
316 3140 383 3183 sunt.
406 3132 511 3197 captivi,
529 3146 586 3181 curn
598 3139 712 3196 potestas
725 3138 792 3180 esset
807 3127 960 3189 redimendi,
973 3141 1011 3175 re·
1073 3180 1077 3193 ,

70 3188 157 3258 dempti
170 3210 219 3245 non
232 3204 299 3247 sunt.
323 3207 452 3264 praeterea
463 3197 654 3261 trepidationem
667 3197 737 3247 urbis
751 3204 775 3246 et
790 3196 883 3245 luctum
898 3203 973 3242 atres
986 3193 1010 3241 in
1071 3198 1076 3227 θ

68 3254 183 3323 Hispanis
194 3264 299 3314 meliore
312 3273 403 3315 eventu
412 3274 497 3330 gestas
510 3266 627 3314 continet.
646 3264 742 3330 Opimia
752 3271 775 3312 et
785 3261 909 3313 Florentia
920 3260 1012 3311 Vesta-

69 3319 102 3371 les
113 3326 223 3390 virginer
235 3332 323 3381 incesti
336 3332 469 3382 damnatae
481 3339 548 3381 scant.
576 3332 682 3381 Varroni
696 3331 796 3381 obviam
809 3330 869 3378 itum
883 3338 906 3377 et
918 3328 1012 3393 gratiae

67 3398 145 3452 actae,
158 3395 225 3456 quod
238 3398 268 3446 de
280 3399 418 3465 republica
432 3412 481 3447 non
494 3397 661 3463 desperasset.

750 3541 826 3616 w*
