2350 3922
268 193 361 239 nuans
376 194 465 237 mu.
482 144 551 237 oar.
566 179 609 233 38.
625 179 669 234 39.
685 171 725 254 [a.
741 175 776 236 0.
792 171 854 255 215]
983 180 1045 244 359

68 343 212 407 rantibus
229 341 377 405 Punicum
390 339 499 402 bellum
516 340 697 402 Macedonici
714 339 785 402 belli
800 339 892 403 moles
908 342 1042 404 instaret.

68 431 118 491 cui
131 437 242 489 mmen
258 425 333 486 adeo
345 443 406 486 non
420 424 655 494 succubuerunt,
668 434 700 486 nt
712 422 858 504 extemplo
873 427 1044 503 agitaretur,
1056 434 1074 485 ti
1167 466 1168 501 3

68 531 161 592 quem
175 511 216 573 ad
232 510 357 573 modum
372 507 451 571 ultro
464 507 620 569 inferendo
635 507 714 569 bello
729 515 896 571 averterent
911 509 947 570 ab
962 509 1044 571 ltalia

69 597 202 669 hostem.
236 594 361 672 captivis
375 594 406 657 in
422 591 536 655 vincula
552 592 640 654 condi
661 593 749 654 iussis
763 591 978 673 comitibusque
994 603 1070 655 ent

69 698 139 741 rum
155 677 217 741 sub
242 676 328 737 hasta
342 676 466 738 venditis
486 675 522 736 ad
539 694 629 737 naves
650 678 752 755 viginti
772 677 915 756 quinque,
938 675 1043 756 quibus

70 764 102 825 P.
121 761 269 827 Valerius
287 759 409 825 Flaccus
429 759 599 839 praelectus
614 768 767 840 praeerat,
792 760 895 838 viginti
916 765 1045 837 qumque

70 847 174 925 parari
187 844 266 909 alias
278 843 450 909 decernunt.
477 843 523 904 his
536 845 703 923 conparatis
716 843 908 923 deductisque
920 852 949 907 et
963 845 1043 906 addi·
1055 851 1072 902 8
1167 920 1168 923 Ἴ

72 933 111 993 tis
129 931 271 1009 quinque
287 927 434 1000 navbus,
462 946 537 1007 quae
563 927 741 990 advexerant
765 929 897 1008 cuptivos
921 926 1042 1008 legatos,

19 1082 23 1089 ,
72 1015 198 1092 triginta
224 1028 317 1074 naves
342 1011 378 1072 ab
405 1010 485 1072 Ostia
511 1011 672 1077 Tarentum
698 1012 863 1092 proiectae,
891 1013 1072 1093 iussusquen

74 1095 105 1158 P.
120 1096 266 1167 Valerius
288 1094 428 1165 militibus
442 1096 644 1168 Varronianis,
671 1097 778 1178 quibus
798 1096 831 1157 L.
847 1096 985 1174 Apustius
1000 1096 1043 1156 le·

74 1188 159 1258 gatus
181 1179 311 1243 Tarenti
329 1187 480 1258 praeerat,
509 1181 539 1241 in
562 1198 651 1241 naves
676 1181 812 1260 inpositis
831 1181 1042 1260 qninquaginta

73 1266 210 1345 quinque
227 1264 347 1325 narium
363 1262 456 1327 classe
473 1266 632 1345 nontueri
650 1265 740 1326 modo
753 1263 854 1327 Italiae
871 1281 968 1337 oram,
991 1263 1042 1324 sed

75 1347 239 1426 explorare
256 1346 294 1408 de
308 1345 497 1409 Macedonico
512 1345 599 1407 bello.
633 1350 658 1407 si
670 1348 862 1426 congruentia
877 1345 982 1409 litteris
998 1348 1039 1408 le·
1053 1353 1088 1404 lc

74 1441 280 1509 gatorumque
298 1429 416 1491 indiciis
436 1430 569 1509 Philippi
581 1429 702 1491 consilia
719 1437 831 1500 essent,
855 1438 887 1492 ut
903 1430 941 1492 M.
957 1431 1040 1492 Vale·

75 1516 153 1575 rium
166 1521 343 1595 praetorem
355 1513 459 1576 litteris
473 1515 629 1577 certiorem
641 1513 759 1584 laceret,
775 1515 858 1593 isque
872 1513 905 1574 L.
919 1516 1040 1592 Apustio
1053 1523 1083 1575 11

76 1595 173 1676 legato
187 1599 336 1661 exercitui
350 1599 519 1678 praeposito
530 1597 690 1661 Tarentum
706 1597 743 1658 ad
756 1595 879 1658 classem
890 1599 1041 1677 profectus

77 1683 175 1760 prlmo
188 1700 312 1763 (guoque
323 1689 457 1761 tempore
467 1684 498 1743 in
509 1681 708 1744 Macedoniam
721 1682 934 1765 transmitteret
945 1680 1041 1742 daret-

7 1764 8 1769 ’
76 1783 135 1843 que
150 1784 295 1845 operam,
316 1774 349 1826 ut
362 1766 529 1844 Philippum
551 1767 582 1825 in
598 1783 691 1843 regno
709 1766 883 1826 contineret.
916 1767 1041 1844 pecunia
1054 1772 1085 1823 12

78 1848 115 1908 ad
129 1848 260 1913 classem
282 1848 421 1910 tuendam
441 1848 609 1929 bellumque
627 1849 847 1911 Macedonicum
870 1867 903 1911 ea
925 1849 1042 1910 decreta

79 1941 136 2003 eat,
152 1953 237 2014 qum
245 1936 301 2011 Ap.
317 1931 437 1996 Claudio
449 1935 479 1994 in
492 1932 619 1995 Siciliam
630 1933 719 1995 missa
730 1940 802 2003 erat,
819 1941 852 1993 ut
866 1933 1042 1995 redderetur

80 2013 205 2081 Hieroni
219 2018 302 2094 regi;
317 2017 390 2077 baec
401 2034 455 2095 per
465 2017 499 2081 L.
511 2017 667 2079 Antistium
677 2015 804 2097 legatum
819 2015 980 2080 Tarentum
998 2025 1042 2078 cst

79 2095 211 2162 devecta.
245 2099 334 2162 simul
354 2098 391 2163 ab
406 2101 535 2175 Hierone
556 2103 644 2162 missa
667 2101 792 2163 ducenta
814 2100 894 2160 milia
908 2100 1039 2161 modium
1052 2106 1085 2158 13

81 2183 171 2244 tritici
187 2193 218 2246 et
232 2185 341 2246 bordei
355 2191 482 2245 centum.
501 2248 503 2251 .

142 2267 276 2330 XXXIX.
308 2267 384 2329 Dum
399 2267 471 2329 haec
485 2267 609 2328 Romani
1019 2267 1068 2324 '·l

81 2342 194 2427 lippum
227 2352 340 2441 captiva
367 2367 447 2411 naus
476 2368 534 2429 gna
555 2368 591 2430 eg
605 2351 655 2428 bg,
684 2367 758 2429 guae
784 2348 907 2410 Romam
935 2366 1042 2424 nassae
1068 2402 1077 2417 ,,

173 2481 181 2504 ‚

77 2529 205 2608 Q
230 2526 329 2598 itaque
347 2518 467 2596 ignarum
488 2536 557 2589 rex,
579 2536 654 2597 quac
677 2535 743 2579 cum
758 2514 921 2579 Hannibale
939 2515 1070 2594 legatis2

83 2600 143 2658 suis
157 2603 380 2675 convenissent,
397 2619 529 2681 quaeque
543 2600 631 2680 legati
648 2603 710 2662 eius
732 2600 768 2662 ad
786 2618 818 2662 se
830 2597 956 2671 adlaturi
970 2600 1040 2659 luis·

84 2690 163 2752 sent,
185 2682 365 2764 legationem
386 2685 471 2747 aliam
491 2703 557 2746 cum
579 2684 691 2747 eisdem
712 2683 857 2746 mandatis
872 2685 969 2744 mittit.
1000 2681 1070 2743 lea

84 2766 143 2840 gau
156 2767 193 2829 ad
205 2768 399 2830 Hannibalem
410 2770 491 2833 missi
502 2767 675 2839 Heraclitus,
687 2771 734 2830 cul
741 2768 861 2830 Scotino
876 2784 1042 2846 cognomen

85 2856 165 2919 erat,
185 2860 216 2913 et
230 2853 310 2915 Crito
324 2852 464 2915 Boeotius
480 2860 510 2913 et
524 2852 676 2915 Sositheus
689 2852 819 2930 Magnos.
849 2851 881 2912 hi
894 2868 1038 2932 prospere

86 2927 218 2994 tulerunt
238 2953 273 2997 ac
293 2935 460 2999 retulerunt
481 2936 626 2998 mandata.
657 2936 709 2996 sed
725 2937 807 3015 prins
824 2952 856 2995 se
872 2943 967 2997 aestas
982 2936 1068 2995 cir-s

87 3018 230 3095 cumegit,
252 3038 340 3100 quam
355 3038 474 3082 movere
498 3037 532 3080 ac
547 3018 645 3082 moliri
667 3021 823 3099 quicquam
848 3036 900 3079 res
926 3027 1039 3097 posset:
1167 3020 1168 3031 ²

87 3104 201 3161 tantum
216 3105 297 3164 navis
311 3121 369 3165 nna
384 3111 468 3182 capta
480 3121 546 3164 cum
558 3103 661 3181 legatis
675 3105 819 3165 momenti
832 3100 902 3161 iecit
917 3100 954 3162 ad
968 3099 1040 3163 dila-1

87 3178 197 3243 tionem
212 3185 381 3255 inminentis
395 3186 535 3249 Romanis
550 3185 629 3247 belli.
1167 3216 1168 3219 ¹

149 3263 186 3325 Et
207 3270 286 3332 otrca
303 3271 445 3350 Capuam,
472 3279 653 3348 transgresso
668 3268 841 3331 Volturnum
866 3266 956 3329 Fabio
976 3276 1070 3348 posta
1167 3336 1168 3339 Ἴ

7 3396 8 3401 ,
89 3347 202 3422 expiata
223 3353 343 3416 tandem
364 3354 513 3433 prodigia,
536 3352 623 3414 ambo
639 3351 774 3414 consules
800 3371 864 3414 rem
888 3350 1039 3432 gerebant.

7 3520 9 3525 ⁴
91 3421 317 3500 Combulteriam
332 3445 362 3499 et
374 3434 533 3499 Trebulam
548 3444 578 3498 et
591 3435 769 3499 Austiculam
784 3435 888 3514 urbes,
910 3452 985 3516 qnae
999 3436 1069 3496 adii
