2280 3926
225 186 230 189 ·
253 186 344 233 amun
358 191 399 232 rx.
418 191 487 234 our.
501 178 526 231 d.
542 179 569 233 7.
580 169 620 253 [a.
636 174 670 236 0.
687 173 748 256 321]
931 183 972 247 99

56 331 164 394 ditettam
173 330 315 414 plerisque
325 336 460 399 intentati
475 344 504 398 et
517 336 661 399 vulnerati
674 339 792 418 quidam
805 344 969 424 necatique,

7 436 9 441 ’
57 415 75 473 si
89 415 164 478 ultus
180 436 278 491 eorum
293 420 465 498 indignitate
478 439 580 482 rerum
598 423 696 482 acrior
720 424 860 487 rictorem
877 427 968 489 olien-

8 564 9 567 ,
57 496 124 560 diuet.
146 502 188 562 ita-
196 502 319 565 traducti
329 503 383 564 sub
390 505 495 583 jugum
508 511 551 575 et,
569 504 648 584 quod
661 523 755 584 paene
767 510 883 585 gravius
894 521 996 584 erata

53 597 90 658 per
104 583 218 646 bostium
238 586 338 648 oculos
352 605 452 648 cume
475 586 551 649 saltu
566 589 737 659 evasissent,
763 593 817 652 etsi
837 593 916 655 velut
932 596 969 657 ab

51 664 125 727 inieris
137 671 253 731 extracti
268 678 329 732 tum
345 672 474 751 primum
489 671 586 734 lucem
603 674 736 752 aspicere
751 674 804 734 risi
819 685 901 748 sunt,
925 686 969 739 ta·

49 765 97 810 neu
112 751 166 831 ipsa
185 752 233 815 lux
256 756 297 815 ita
311 754 444 816 deforme
465 755 645 817 intuentibus
660 772 765 834 agmen
779 761 860 818 omni
873 769 969 822 morte

47 833 132 895 tristior
144 835 203 898 luit.
232 838 330 917 itaque
351 857 418 900 cum
439 847 507 900 ante
530 849 647 901 noctem
665 840 793 920 Capuam
813 845 995 920 perveniret

45 926 149 991 possent,
169 921 273 983 incerti
288 921 325 982 de
345 921 403 982 ilde
422 925 570 985 sociorum
586 932 616 986 ct
630 924 708 1004 quod
726 923 824 1004 pudor
843 943 968 1006 praepe-

46 996 130 1072 diebat,
145 1004 219 1064 circa
233 1007 310 1067 riam
323 1005 403 1067 baud
416 1006 521 1086 procul
536 1008 631 1088 Capua
650 1009 781 1069 omnium
798 1025 890 1088 egena
902 1027 967 1072 cor·

8 1142 9 1167 3
45 1082 179 1158 perabumi
188 1094 419 1167 prostraverunt
440 1090 518 1170 quod
531 1091 583 1155 ubi
597 1092 775 1170 estCapuam
787 1095 991 1172 nuntiatum,5

8 1194 9 1249 j
44 1165 124 1229 ennon
132 1173 363 1261 miseratiopusta
374 1174 520 1235 socionrm
533 1175 700 1254 superbiam
711 1176 873 1256 ingenitam
883 1177 967 1239 Gam-

8 1276 9 1321 3
43 1251 111 1324 peni.
137 1251 287 1318 confestim
302 1257 428 1336 iusignia
442 1275 494 1319 sua
507 1256 689 1329 consulibus,
705 1260 813 1330 fasces,
827 1260 995 1330 lictorcs36

8 1358 9 1401 ὲ
43 1348 114 1406 tima,
137 1356 238 1419 equos,
262 1341 451 1412 vestimenta,
475 1348 655 1417 commeatus
676 1342 818 1405 militibus
839 1343 967 1421 benlgne

8 1428 9 1439 ¹
41 1417 145 1492 mittunt,
162 1432 190 1485 et
202 1424 390 1486 venientibus
405 1425 532 1503 Capuam
548 1433 671 1484 cunctus
689 1433 807 1486 senatus
826 1426 994 1506 populus-7

8 1524 9 1531 ¹
41 1515 81 1577 que
94 1503 195 1569 obviarn
213 1525 350 1588 egressum
358 1510 454 1586 justis
470 1506 605 1569 omnibus
627 1506 819 1585 hospitalibus
832 1510 966 1588 privatis·

40 1600 81 1659 que
90 1594 115 1647 et
123 1590 244 1668 publicis
265 1591 399 1670 iungitur
414 1592 527 1652 ciliciis.
556 1608 652 1670 neque
671 1588 730 1650 illis
749 1591 897 1651 sociorum
914 1596 992 1651 co·8

40 1667 103 1730 nitas
114 1673 261 1756 vultusque
280 1674 404 1753 benigni
419 1683 448 1736 et
469 1673 603 1754 adloquia
618 1692 678 1735 nou
692 1673 780 1734 modo
798 1691 967 1735 sermonem

8 1812 9 1827 ἶ
39 1746 128 1825 eluere,
143 1756 966 1839 sedneut'oculosquidemattollercntautconsolantes

38 1836 123 1898 uuicos
140 1850 237 1904 contra
261 1844 449 1905 intuerentur
470 1842 587 1903 elticere
605 1849 757 1920 poterant:
781 1839 854 1902 adeo
876 1848 993 1921 supere

7 1986 9 1989 v
38 1932 172 1989 uacrorcrn
192 1926 290 2006 pudor
305 1925 422 2004 quidam
443 1926 545 2004 ingere
566 1924 719 2006 conloquia
740 1933 769 1985 et
793 1933 894 1987 coetus
911 1926 965 1986 bo·

37 2000 125 2067 minum
141 2008 272 2088 cogebat.
288 2016 407 2087 postero
422 2009 468 2069 die
486 2009 685 2154 cumpuvencs
699 2008 829 2078 nobiles,
850 2010 933 2070 missi
946 2026 963 2067 a
976 2014 1009 2066 10

37 2079 123 2163 Capua,
138 2099 168 2153 ut
181 2094 404 2172 proficiscentes
413 2093 448 2154 ad
460 2093 548 2153 linem
583 2111 738 2172 ampanum
750 2108 965 2172 prosequeren-

36 2172 77 2237 lli,
85 2178 275 2248 revertissent,
285 2177 435 2256 vocatique
445 2177 476 2236 in
483 2176 594 2236 curiam
605 2173 865 2254 percunctantibus
871 2174 962 2261 mato·
977 2180 1008 2232 ll

36 2247 966 2345 l'illicitammultosibimaestioreoetabp'ectiorisanimiuisosre·

35 2329 1008 2425 ltuentzadeosilensacpropemutumagmenincesslsscetacere12

34 2414 137 2486 indolem
155 2427 235 2490 illam
254 2427 432 2499 Romanam,
454 2425 623 2504 ablatosque
640 2442 710 2485 cum
733 2424 823 2486 armis
843 2425 965 2492 animos,

33 2513 79 2562 non
88 2508 205 2573 reddere
219 2510 346 2573 salutem
361 2508 565 2578 salutantibus,
577 2505 615 2546 i*
624 2524 685 2567 non
696 2507 766 2568 dare
781 2523 965 2585 responsum,

33 2596 78 2646 non
86 2587 193 2655 hiscere
205 2613 382 2677 quemquam
393 2611 464 2674 prae
475 2591 696 2669 metu‘potuisse
708 2596 856 2667 tamquam
868 2588 966 2649 leren-

33 2662 93 2731 tibus
114 2676 206 2740 adbuc
231 2677 394 2740 cervicibus
409 2678 534 2754 iugum,
561 2672 616 2735 sub
638 2670 717 2751 quod
738 2671 838 2732 emissi
859 2678 965 2741 esseut,

32 2742 121 2818 hibere
127 2760 272 2824 Samnites
279 2750 430 2823 victoriam
438 2776 498 2821 non
509 2757 691 2838 praeclaram
701 2754 804 2824 solum,
816 2753 869 2815 sed
877 2755 963 2815 etiam
978 2761 1009 2814 tc

31 2847 195 2916 perpetuam:
213 2848 326 2925 cepisse
342 2846 421 2906 enim
437 2862 488 2906 eos
502 2860 563 2903 non
572 2841 711 2910 Romam,
727 2840 803 2900 sicut
819 2847 886 2900 ante
899 2837 966 2898 Gal·

31 2911 77 2989 ¹⁰⁸,
88 2926 149 2999 scd,
162 2930 242 3009 quod
254 2928 346 2991 multo
357 2927 525 2991 bellicosius
536 2926 641 2996 luerit,
655 2924 817 2986 Romanam
829 2924 965 2984 uirtutem

31 2996 279 3092 ferociamque:-
305 3012 366 3074 Vll.
391 3031 458 3093 cum
469 3012 543 3073 baec
555 3011 726 3071 dicerentur
736 3006 995 3083 audirenturquel

31 3088 54 3140 tl
62 3085 235 3169 deploratum
246 3096 511 3178 paeneRomanum
523 3111 631 3156 nomen
642 3093 674 3152 iu
686 3089 808 3152 consilio
818 3089 967 3155 sociorum

30 3162 141 3238 fidelium
162 3188 254 3252 esset,
276 3181 383 3243 dicitur
404 3178 517 3240 Ofillius
537 3176 668 3240 Calavius
687 3174 740 3236 Ovi
760 3173 851 3242 lilius,
872 3170 995 3230 claruet

32 3265 123 3322 tenere
138 3261 294 3345 factisque,
310 3272 373 3326 tum
388 3265 476 3326 etiam
491 3270 585 3325 aetate
598 3259 759 3329 verendus,
778 3257 866 3332 longe
882 3252 967 3314 aliter

32 3335 170 3423 plebem
180 3366 244 3410 rem
259 3349 384 3411 dixisse:
402 3347 550 3411 silentium
560 3343 634 3406 illud
645 3342 822 3404 obstinatum
837 3338 996 3417 fixosquc3

32 3427 56 3475 ¹11
66 3426 168 3491 terram
179 3430 277 3496 oculos
292 3441 323 3496 et
338 3431 441 3495 surdas
460 3431 497 3495 ed
518 3430 616 3492 omnla
636 3425 849 3549 solaciapures
864 3432 893 3483 et
912 3439 966 3501 pu·
