2290 3920
141 208 204 270 244
318 220 411 263 nmen
426 219 491 261 xxr.
507 217 574 260 oar.
590 206 633 258 47.
648 203 692 257 48.
711 194 752 277 [s.
769 218 800 256 u.
817 217 842 256 c.
856 190 915 273 536]

141 368 334 432 Hannibalem
351 385 404 447 per
419 367 571 445 superiora
587 364 659 426 Padi
673 363 746 424 vada
760 364 917 423 exercitum
934 359 1075 420 traduxisse

143 452 305 532 elephantis
317 455 350 511 in
370 450 504 512 ordinem
526 449 563 509 ad
586 446 789 509 sustinendum
809 448 947 524 impetum
965 442 1075 506 fluminis

114 537 291 617 coppositis.
327 554 361 597 ea
378 535 480 615 peritis
501 534 596 594 amnis
616 533 679 592 eius
695 532 742 591 vix
762 530 850 591 iidem
870 528 1000 597 iecerint,
1020 543 1075 586 nam

142 640 238 701 neque
260 621 373 699 equites
395 620 484 678 armis
508 618 649 696 equisque
666 613 752 677 salvis
772 621 884 674 tantam
898 614 954 672 vim
967 611 1075 671 fluminis

142 722 296 784 superasse
316 701 491 763 verisimile
512 708 571 770 est,
593 708 627 760 ut
653 701 711 763 iam
729 698 874 778 Hispanos
897 697 988 757 omnis
1000 693 1076 754 inlati

142 789 323 850 bavexerint
338 795 436 855 utres,
452 793 481 846 et
497 784 657 846 multorum
674 783 789 844 dierum
803 782 927 843 circuitu
940 778 1007 840 Padi
1020 776 1077 838 rada

143 871 269 953 petenda
282 872 405 941 luerint,
421 887 478 948 qua
493 870 638 930 exercitus
653 869 749 946 gravis
766 865 970 945 inpedimentis
983 860 1076 923 traduci

114 964 249 1037 oposset.
292 957 422 1034 potiores
442 953 519 1031 apud
542 971 590 1013 me
612 961 747 1012 auctores
769 957 853 1020 sunt,
875 948 925 1028 qui
942 946 1024 1008 biduo
1041 945 1077 1003 vit

142 1041 238 1101 locum
261 1046 325 1100 rate
345 1035 494 1115 iungendo
516 1036 630 1096 flumini
654 1037 804 1095 inventum
823 1033 956 1100 tradunt;
979 1049 1010 1091 ea
1025 1045 1076 1089 cun

114 1124 265 1201 tldagone
287 1122 399 1200 equites
420 1120 619 1198 Hispanorum
637 1118 789 1197 expeditos
810 1119 994 1196 praemissos.
1022 1112 1076 1172 dun

141 1203 300 1272 Hannibal,
328 1206 407 1263 circa
429 1202 540 1265 flumen
560 1202 755 1281 legationibus
776 1200 927 1262 Gallorum
949 1194 1077 1260 audiendis

142 1296 302 1371 mopqtusg
310 1289 420 1371 praicit
441 1288 557 1366 gravius
576 1286 708 1364 peditum
734 1303 854 1365 agmen,
878 1285 993 1344 interim
1011 1279 1076 1356 lingo
1127 1291 1128 1294 ’

230 1358 252 1369 ιιι

142 1373 312 1455 sopitosque
321 1370 506 1451 ‚abtransitu
526 1371 655 1431 fluminis
674 1370 733 1429 diei
748 1369 836 1430 unius
854 1368 962 1438 itinere
977 1364 1076 1427 Placen-

115 1457 378 1531 Bt'rantadthostcs
399 1444 772 1535 contc'q‘qudcjssllajcjpihtt
786 1437 1077 1540 paucisffistssdi'ebns

142 1540 296 1602 sexmilia
318 1559 335 1601 a
353 1539 503 1601 Placentia
527 1545 621 1599 castra
650 1538 841 1597 communivit
863 1546 893 1597 et
911 1542 1026 1621 postero
1043 1529 1078 1589 dic

141 1618 373 1767 isii‘oonspectssu'
385 1613 515 1684 bostium
551 1620 612 1683 acie
623 1616 757 1707 jdere‘cta
780 1613 959 1698 'potestatem
974 1612 1080 1676 ‘nimi

155 1711 220 1769 ecit.
734 1701 739 1709 ’

115 1801 129 1852 1
203 1791 326 1853 XLVlll.
364 1791 534 1870 insequenti
550 1796 637 1850 nocte
653 1788 757 1848 caedes
780 1789 934 1848 incastris
953 1780 1077 1849 Romanis

141 1874 269 1934 tumultu
283 1883 383 1934 tamen
393 1892 480 1953 quam
498 1889 532 1934 re
546 1874 652 1943 maior,
669 1870 706 1932 ab
722 1869 913 1933 auxiliaribus
924 1868 1009 1931 Gallis
1020 1865 1077 1926 tacu

115 1967 195 2018 aest.
226 1957 262 2017 ad
281 1957 339 2016 duo
354 1955 434 2017 milia
448 1955 580 2035 peditum
596 1963 626 2016 et
647 1956 766 2017 ducenti
782 1955 898 2035 equites
917 1951 1041 2034 vigilibus
1052 1943 1078 2008 td

142 2050 244 2121 portas
263 2041 415 2101 trucidatis
437 2038 473 2107 ad
488 2037 682 2099 Hannibalem
702 2037 918 2116 transfugiunt,
943 2033 1078 2118 quosPoe

142 2143 198 2187 nus
212 2125 341 2204 benigne
355 2122 506 2186 adlocutus
519 2129 548 2182 et
562 2141 614 2201 spe
627 2125 791 2200 ingentium
807 2123 954 2184 donorum
966 2130 1078 2182 accensos

142 2212 174 2269 in
192 2210 322 2272 civitates
336 2225 482 2288 quemque
499 2224 567 2268 suas
577 2206 614 2267 ad
629 2204 827 2287 sollicitandos
840 2205 1021 2288 popularium
1032 2197 1077 2259 assi·

115 2301 206 2355 amos
225 2293 342 2354 dimisit.
370 2292 469 2371 Scipio
487 2290 609 2365 caedem
628 2309 693 2353 eam
714 2291 831 2368 signum
852 2289 1020 2352 delectionis
1032 2299 1077 2344 01⁰·

144 2379 225 2438 nium
243 2375 394 2439 Gallorum
410 2394 475 2438 esse
493 2383 589 2445 ratus,
612 2381 821 2453 contactosque
841 2393 877 2436 eo
898 2374 1006 2435 scelere
1019 2363 1078 2427 velut

116 2462 249 2523 tiniecta
260 2458 342 2522 rabie
357 2459 394 2522 ad
410 2478 491 2522 arma
505 2461 614 2533 ituros,
631 2474 807 2538 quamquam
819 2460 917 2538 gravis
931 2454 1019 2521 adbuc
1032 2445 1077 2509 ull·

145 2563 216 2605 nere
232 2552 310 2615 erat,
333 2553 432 2605 tamen
455 2551 558 2623 quarta
579 2542 677 2622 vigilia
696 2544 791 2603 noctis
811 2543 992 2622 insequentis
1011 2533 1077 2596 taciti

143 2630 260 2706 agmine
275 2628 425 2709 proiectus
446 2628 483 2688 ad
505 2626 643 2689 Trebiam
660 2627 779 2701 fluvium
795 2627 901 2688 iamin
917 2627 981 2687 loca
997 2620 1077 2682 altiori

116 2710 285 2792 boollisque
308 2713 510 2790 impeditiores
531 2713 620 2791 equiti
643 2718 737 2771 castra
758 2719 864 2771 movet.
903 2712 998 2771 minus
1010 2713 1076 2784 quim

143 2795 180 2854 ad
195 2795 331 2854 'licinum
347 2794 466 2863 fefellit3
489 2796 642 2874 missisque
657 2793 803 2855 Hannibal
817 2795 945 2873 primum
959 2781 1075 2855 Numidis»

144 2878 251 2938 deinde
269 2879 350 2938 omni
366 2880 496 2958 equitatu
511 2877 658 2939 turbasset
670 2879 771 2957 utique
783 2879 972 2941 novissimum
985 2881 1074 2951 aguit

145 2964 174 3022 ni
190 2960 325 3021 aviditate
337 2961 465 3040 praedae
478 2962 509 3021 in
526 2979 616 3022 vacua
630 2960 761 3024 Romana
782 2969 879 3022 castra
889 2957 1025 3025 Numidae
1039 2949 1074 3008 dt

118 3048 308 3107 evertissent.
344 3044 472 3105 ibidum
494 3053 713 3124 perscrutantes
737 3044 803 3106 loca
818 3047 915 3106 omnia
938 3044 1075 3105 cuborum

144 3128 225 3191 nullo
240 3130 309 3190 satis
326 3129 413 3206 digno
429 3144 530 3195 morae
543 3132 638 3208 pretio
654 3139 770 3207 tempus
786 3136 893 3199 terunt,
909 3128 1024 3188 emissus
1035 3127 1074 3176 11⁰·

144 3216 196 3274 stis
217 3221 261 3274 est
284 3213 320 3274 de
343 3212 490 3283 manibus,
516 3221 634 3275 etcum
657 3214 714 3275 lam
736 3220 934 3291 transgressos
961 3201 1073 3270 aretem

144 3294 291 3356 Romanos
315 3299 510 3377 metantisque
530 3305 625 3358 castra
640 3298 864 3374 copperissent,
879 3309 986 3375 paucos
999 3296 1073 3348 mora·

118 3383 242 3436 ntorum
269 3381 440 3440 occiderunt
459 3383 533 3441 citra
556 3380 666 3442 flumen
692 3381 882 3460 interceptos.
920 3374 1012 3454 Scipio
1033 3374 1073 3423 nii

145 3461 327 3520 vexationem
343 3462 473 3523 vulneris
482 3466 513 3523 in
525 3465 569 3524 via
584 3467 682 3526 iactati
695 3462 771 3525 ultra
782 3467 897 3544 patiens
911 3469 940 3522 et
956 3453 1072 3528 colmam
