2280 3926
10 198 11 275 ξ
116 185 178 246 110
336 197 430 239 arasa
444 197 487 239 rx.
504 196 572 240 one.
592 184 632 240 ld.
649 174 688 259 [a.
705 200 736 239 u.
751 199 776 239 e.
792 175 853 259 435]

10 334 11 347 ’
117 343 220 407 consul
240 344 313 405 alter
328 361 394 405 cum
410 343 582 414 Satricanis,
606 345 655 424 qui
680 345 760 405 eires
773 343 897 407 Romani
915 347 978 420 post
991 336 1054 399 l'au

117 429 215 493 dinam
232 428 346 489 cladem
360 427 397 487 ad
412 428 558 489 Samnites
574 427 751 489 ‘deiecerant
769 427 998 508 praesidiumque
1012 438 1054 480 eo·

88 518 182 573 arum
197 514 228 572 in
243 511 350 573 urbem
366 519 557 592 acceperant,
571 529 636 572 rem
652 511 751 590 gessit.
777 518 845 574 nam
861 506 971 573 eumad
985 521 1054 566 moe·

117 598 165 657 nia
181 596 287 656 Satrici
310 593 444 656 admotus
467 603 544 656 esset
563 598 723 666 exercitus,
745 594 906 676 legatisque
921 591 1011 652 missis
1024 585 1056 651 ad

115 697 219 760 pacem
234 698 302 740 eum
317 678 456 758 precibus
469 678 627 758 petendam
647 681 732 740 triste
746 697 919 758 responsum
941 674 975 736 ab
996 688 1056 732 eon·

116 762 179 825 sule
194 763 342 825 redditum
358 770 449 833 esset,
472 764 530 823 nisi
549 763 696 841 praesidio
718 761 894 826 Samnitium
916 755 1057 821 interiecto
1126 828 1127 831 Ἴ

117 854 167 909 aut
183 847 289 908 tradito
306 865 344 908 ne
359 847 396 907 ad
411 865 443 908 se
457 853 640 918 remearent,
662 846 729 927 plus
744 865 777 908 ea
793 866 864 908 voce
878 862 962 927 quam
979 838 1057 900 armis

89 930 214 992 tinlatis
229 931 353 994 terroris
368 929 480 991 colonis
496 932 646 992 iniectum.
680 933 779 1009 itaque
799 930 923 995 subinde
945 939 1057 988 execun-

115 1024 164 1077 tur
178 1015 378 1095 quaerendoa
400 1014 520 1076 consule
539 1013 642 1095 legati,
666 1033 794 1093 quonam
809 1033 840 1076 sa
861 1021 944 1095 pacto
961 1021 1058 1090 paucos

117 1109 147 1161 et
163 1101 296 1160 infirmos
314 1099 451 1159 erederet
469 1099 616 1178 praesidio
640 1107 701 1160 mm
720 1098 816 1160 valido
839 1107 869 1160 et
886 1102 993 1160 umato
1009 1092 1058 1151 rim

117 1183 275 1245 adlaturos.
307 1182 343 1244 ab
358 1181 452 1243 isdem
464 1182 618 1244 eonsilium
633 1189 735 1262 petere
745 1184 832 1254 iussi,
852 1181 957 1264 quibus
971 1181 1058 1239 aucto·

89 1267 199 1329 nribus
213 1266 392 1347 praesidium
406 1268 438 1327 in
452 1266 558 1331 urbem
568 1268 765 1347 accepissent,
784 1266 953 1333 discedunt,
969 1272 1057 1339 aegre·

117 1370 173 1431 que
187 1354 358 1430 impetrato,
382 1359 415 1412 ut
433 1351 470 1412 de
485 1370 520 1412 ea
540 1369 573 1412 rs
591 1350 705 1413 eonsuli
719 1367 854 1413 senatum
874 1357 1058 1429 responsaque

90 1435 154 1496 tad
168 1453 200 1495 se
216 1434 324 1496 referri
339 1437 463 1507 sineret,
478 1435 515 1497 ad
527 1452 597 1497 suos
612 1435 748 1497 redeunt.
780 1433 856 1497 duae
869 1435 1007 1497 factiones
1020 1443 1060 1486 se·

116 1527 217 1581 natum
233 1518 425 1590 distinebant,
442 1539 515 1592 una,
531 1521 614 1581 ouius
628 1520 778 1599 principes
795 1527 882 1581 erant
902 1509 1059 1579 delectionis

117 1602 257 1683 apopulo
271 1603 404 1666 Romano
422 1612 570 1674 auctores,
593 1601 685 1665 altera
705 1602 835 1664 fidelium
861 1604 976 1664 civium.
1005 1610 1058 1656 cer·

117 1694 208 1748 tatum
221 1687 258 1748 ab
273 1689 405 1768 utrisque
418 1695 518 1749 tamen
532 1693 589 1758 est,
606 1693 638 1747 ut
654 1687 691 1748 ad
706 1686 954 1749 reconciliandam
970 1693 1060 1762 paceo}

88 1771 229 1832 'tconsuli
246 1790 337 1852 opera
365 1779 530 1834 pararetur.
569 1788 639 1850 pars
665 1769 770 1842 altera,
796 1790 863 1832 cnm
894 1764 1061 1851 praesidium

117 1854 307 1926 Samnitium,
323 1857 389 1935 quia
400 1854 474 1921 nihil
489 1855 558 1916 satis
571 1857 740 1934 praeparati
757 1861 821 1916 erat
834 1855 872 1916 ad
891 1852 1060 1916 obsidionem

116 1939 526 2010 tolerandam‚·exoessurum
546 1939 681 2018 proxima
703 1946 790 2000 nocte
809 1948 902 2012 esset,
921 1934 1061 1999 enuntiare

117 2022 231 2085 consuli
241 2026 311 2085 satis
322 2022 439 2091 habuit,
457 2041 514 2102 qua
526 2024 619 2082 noctis
630 2021 703 2084 hora
715 2041 830 2103 quaque
843 2031 933 2103 porta
947 2029 976 2082 et
985 2028 1060 2098 quant

86 2109 145 2167 sin
156 2109 232 2168 dam
246 2124 419 2186 egressurus
432 2105 526 2168 hostis
540 2106 632 2174 toret:
654 2105 759 2178 altera,
783 2106 891 2187 quihus
906 2105 1001 2168 inritis
1018 2097 1059 2159 dt·

115 2192 222 2253 scitum
239 2191 276 2252 ad
289 2192 434 2252 Samnites
451 2196 529 2258 erat,
549 2189 652 2250 eadem
667 2199 753 2250 nocte
767 2199 885 2269 portam
904 2193 990 2253 etiam
1001 2198 1060 2244 eon·

115 2273 172 2334 suli
184 2282 364 2353 aperuerunt
375 2283 561 2353 armatosque
575 2273 650 2337 elam
663 2271 780 2356 [nocte]
791 2276 823 2335 in
834 2275 941 2337 urbem
953 2283 1059 2348 accepe-

87 2364 193 2417 erunt.
224 2360 265 2418 ita
281 2358 391 2436 duplici
407 2356 574 2437 proditione
591 2366 620 2419 et
639 2358 818 2437 praesidium
836 2360 1010 2422 Samnitium
1023 2353 1060 2410 itt·

100 2441 204 2501 'sessis
221 2442 300 2501 circa
315 2443 391 2507 riam
414 2440 595 2503 silvestribus
614 2441 686 2502 locis
706 2444 883 2522 necopinato
900 2447 1060 2523 oppressum

116 2532 174 2597 est,
190 2532 220 2588 et
236 2524 273 2587 ab
289 2524 363 2588 urbe
377 2525 464 2606 plena
479 2525 608 2587 hostium
620 2524 730 2595 clamor
746 2526 892 2598 sublatum
908 2527 1061 2588 momento·

115 2626 172 2689 que
196 2613 283 2673 unius
306 2610 399 2673 horae
419 2629 522 2674 caesus
549 2610 679 2681 Samnis,
705 2611 875 2672 Satricanus
899 2618 1014 2689 captus,
1038 2605 1061 2658 tl

73 2697 107 2750 10
117 2697 215 2755 omnia
230 2697 260 2755 in
277 2702 421 2774 potestate
436 2694 564 2757 corsua
586 2701 680 2756 erant
713 2695 764 2774 qui
777 2696 951 2775 quaestione
964 2689 1060 2754 habita,

115 2794 240 2856 quorum
257 2796 346 2855 opera
362 2778 488 2839 deiectio
512 2786 589 2838 esset
606 2777 696 2849 laeta,
724 2797 797 2858 quos
817 2785 918 2841 sontes
940 2768 1062 2854 conperit

115 2861 205 2937 ungis
216 2877 317 2920 caesos
328 2863 425 2922 securi
436 2861 596 2957 pereuqsit,
612 2863 819 2942 praesidioque
833 2862 930 2925 ralido
945 2854 1060 2939 inposito

73 2951 103 3002 11
118 2959 199 3004 arma
215 2943 374 3006 Satricanis
394 2937 624 3006 adamititindo
648 2946 684 3006 ad
707 2947 889 3029 triumphum
911 2939 1061 3007 decessisse

63 3056 83 3071 =·
114 3028 238 3090 Romam
251 3028 400 3107 Papirium
417 3029 574 3090 Cursorem
600 3029 747 3101 scribunt,
768 3032 820 3111 qui
839 3049 874 3091 eo
889 3030 965 3091 duce
978 3027 1061 3087 Luce·
1127 3083 1128 3086 ,

62 3137 66 3145 ’
114 3115 188 3174 riam
208 3121 356 3191 receptam
376 3113 580 3192 Samnitesque
606 3113 661 3186 sub
683 3117 786 3193 iugum
810 3116 1062 3176 missosauctores

59 3203 192 3275 41'2sunt.
224 3205 253 3257 et
270 3196 325 3259 luit
343 3199 387 3258 vir
407 3197 486 3259 haud
509 3195 596 3257 dubie
618 3197 725 3276 dignus
744 3201 826 3260 omni
848 3196 955 3261 bellica
975 3188 1060 3254 laude,

64 3320 70 3363 ς
115 3292 175 3338 non
192 3282 282 3341 animi
302 3281 397 3344 solum
416 3283 531 3360 vigore,
556 3281 608 3342 sed
629 3283 716 3342 etiam
734 3283 868 3363 corporis
892 3278 1003 3341 viribus
1020 3289 1062 3332 ex·

43 3360 234 3431 i-trtcellens.
265 3369 423 3445 praecipua
437 3366 545 3444 pedum
563 3367 722 3444 pernicitas
743 3368 853 3437 inerat,
875 3382 950 3447 quae
963 3371 1062 3439 cogno·

99 3448 183 3504 ‘men
198 3445 286 3505 etiam
301 3447 394 3518 dedit;
409 3450 609 3528 victoremque
625 3467 713 3512 cursu
735 3452 866 3511 omnium
883 3448 985 3511 aetatis
1001 3451 1062 3503 suat
