2350 3922
175 243 236 306 356
341 257 434 298 nrnnu
450 256 539 297 xxur.
556 257 625 297 ner.
640 243 682 295 35.
699 241 742 295 36.
760 233 798 314 [a.
811 257 841 294 u.
856 256 881 294 e.
898 231 959 312 539]

175 414 306 482 ceperat,
325 421 361 463 ne
380 422 436 484 qua
453 403 624 482 exprobatio
640 405 776 483 cuiquam
795 401 900 461 veteris
916 399 1045 460 fortunae
1057 397 1104 458 dia·

175 485 305 548 cordiam
318 490 395 548 inter
406 487 526 548 ordines
537 496 665 556 sereret;
681 497 761 547 vetus
774 482 857 545 miles
869 484 973 553 tironi,
987 481 1056 542 liber
1066 499 1104 540 vo·

149 569 238 631 tloni
248 590 312 632 sese
321 573 476 650 exaequari
483 573 607 638 sineret;
621 572 716 631 omnis
723 570 792 631 satis
803 569 942 628 honestos
952 581 1105 644 generosos-

175 673 232 734 que
244 654 400 725 ducerent,
412 654 518 734 quihus
532 672 612 714 arma
625 673 676 716 sua
688 655 830 733 signaque
842 649 967 732 populns
977 650 1105 710 Romanus

175 740 382 806 commisisset;
397 755 478 817 quae
492 739 609 798 lortuna
626 741 771 815 coegisset
785 739 825 797 ita
841 736 922 803 fieri,
939 732 1055 793 eandem
1068 747 1105 790 co·

147 829 164 880 9
177 838 249 900 gere
263 824 337 883 tueri
360 822 477 883 lactum.
509 841 542 882 ea
565 839 623 882 non
639 824 749 882 maiore
760 838 836 893 ¹cura
852 825 1006 898 praecepta
1022 814 1053 876 ab
1065 814 1105 873 du·

175 904 259 966 cibus
269 914 336 967 sunt
347 924 435 985 quam
449 923 470 966 n
480 905 621 967 militibus
632 904 800 975 observata,
817 903 959 981 brevique
969 908 1105 961 tantaoon·

175 990 276 1050 cordia
293 988 463 1050 coaluerant
481 992 612 1050 omnium
630 990 733 1058 animi,
748 996 783 1049 ut
795 1005 889 1067 prope
906 988 937 1045 in
953 983 1105 1045 oblivionem

137 1081 167 1131 10
177 1075 298 1144 veniret,
310 1091 367 1151 qua
379 1091 415 1132 ex
428 1074 600 1134 condicione
611 1074 734 1152 quisque
743 1077 821 1133 esset
831 1069 1030 1132 miles'laetus.
1044 1066 1105 1147 ,laec

176 1158 274 1234 agenti
289 1155 422 1216 Graccho
435 1156 523 1233 legati
539 1156 662 1217 Cumani
681 1155 865 1224 nuntiarunt,
888 1171 967 1233 quae
979 1171 994 1212 a
1006 1149 1104 1226 Campa·

176 1241 221 1299 nis
232 1239 338 1317 legatio
349 1255 457 1319 paucos
467 1248 534 1300 ante
545 1238 608 1299 dies
620 1240 758 1308 venisset,
771 1245 801 1299 et
811 1237 881 1317 quid
892 1240 929 1297 iis
941 1237 996 1316 ipsi
1006 1246 1105 1310 respon·
1141 1285 1142 1314 ἶ

135 1330 164 1384 11
178 1322 304 1383 dissent:
317 1322 413 1382 triduo
424 1330 491 1403 post
501 1341 567 1384 eum
576 1322 653 1383 diem
665 1323 858 1390 lestumesse;
871 1324 1063 1381 nonsenatun
1072 1330 1105 1372 so·
1141 1319 1142 1324 ’

175 1405 236 1467 lum
254 1424 372 1467 omnem
394 1406 436 1468 ihi
459 1406 604 1477 futurum,
629 1406 681 1467 sed
697 1412 791 1468 castra
810 1406 900 1466 etiarn
918 1412 946 1464 et
969 1400 1104 1463 exercitum

135 1499 167 1550 12
179 1490 367 1570 Campanum.
409 1491 559 1552 Gracchus
575 1491 660 1551 iussis
678 1489 815 1551 Cumanis
831 1490 934 1548 omnin
948 1506 983 1548 ex
1000 1479 1104 1562 agrisin

176 1575 281 1636 urbem
295 1575 459 1635 convehere
468 1582 498 1635 et
507 1591 630 1634 manere
640 1575 835 1642 intramuros,
848 1573 914 1652 ipse
927 1570 1027 1651 pridie,
1039 1578 1103 1645 quan

176 1665 282 1718 statum
300 1658 475 1718 sacrificium
494 1658 649 1736 Campanis
670 1665 762 1725 esset,
787 1657 894 1717 Cumas
911 1661 1007 1716 moret
1023 1655 1103 1709 castra.

136 1749 167 1801 13
178 1742 288 1819 Hamae
303 1741 371 1801 inde
387 1743 442 1802 tria
458 1740 537 1802 milia
552 1755 689 1819 passuum
712 1739 827 1801 absunt
865 1740 926 1799 iam
942 1730 1068 1813 Campani
1080 1744 1104 1787 eo

177 1826 347 1901 frequentes
363 1843 399 1884 ex
417 1825 569 1904 conposito
585 1831 797 1893 convenerant,
820 1838 875 1882 nec
893 1819 998 1901 procul
1012 1815 1072 1877 iude
1082 1813 1102 1869 ln

177 1907 291 1967 occulto
309 1907 417 1967 Murius
432 1907 522 1968 Alfius
544 1908 642 1967 medix
660 1908 768 1970 tuticus
787 1941 829 1951 —-
842 1908 867 1965 is
884 1921 1017 1967 summus
1033 1895 1102 1972 magi·

177 1996 363 2068 stratuserat
373 1989 649 2069 Campanis—oum
661 1988 894 2069 quattuordecim
908 1986 1022 2048 milibus
1032 1994 1103 2045 arnt·

137 2081 278 2135 istorum
295 2071 423 2134 habebat
438 2082 546 2144 castra,
563 2073 706 2133 sacrificio
723 2072 890 2151 adparando
908 2082 938 2132 et
952 2075 1025 2131 inter
1036 2063 1061 2126 id
1072 2063 1103 2120 in·

177 2159 335 2220 struendae
353 2156 449 2218 iraurdi
464 2154 611 2234 aliquanto
626 2157 768 2217 intentior
785 2174 871 2236 quam
892 2152 1052 2217 muniendis
1069 2160 1103 2203 ct·

138 2250 168 2302 15
180 2244 249 2306 stris
264 2250 313 2303 aut
326 2240 379 2311 ulli
395 2239 512 2302 militari
529 2242 621 2319 operi.
654 2237 799 2320 [triduum
815 2240 1008 2300 sacrificatum
1022 2232 1053 2295 ad
1062 2227 1103 2288 Hi·

177 2324 266 2406 mas.]
306 2332 482 2386 nocturnum
498 2331 562 2385 erat
579 2341 708 2401 saprum,
732 2325 773 2400 ita
793 2331 826 2399 ut
846 2330 915 2399 ente
936 2320 1054 2396 mediam
1066 2325 1102 2401 nir

137 2416 256 2469 lactem
280 2427 334 2469 con
384 2415 475 2469 retur.
523 2409 592 2468 huie
612 2407 763 2468 Gracchus
781 2405 980 2468 insidendum
1003 2403 1103 2472 tempor

179 2510 210 2552 ra
225 2511 274 2563 us,
303 2491 471 2553 custodibus
497 2490 533 2551 ad
560 2498 660 2570 portas
681 2491 800 2568 positis,
830 2491 955 2568 nequis
978 2480 1102 2571 enuntient·l

178 2584 278 2655 posset
292 2581 409 2655 coepta,
431 2584 461 2637 et
481 2581 548 2635 ante
564 2573 717 2635 decumam
735 2573 794 2634 diei
808 2573 912 2633 horam
927 2571 1030 2632 coactis
1047 2556 1102 2658 mllff·

137 2668 168 2722 17
180 2661 258 2721 tibus
281 2677 405 2738 corpora
421 2677 525 2720 curare
545 2675 707 2736 somnoque
727 2675 846 2736 operam
868 2656 954 2724 dare,
977 2662 1007 2714 nt
1024 2653 1102 2728 primis

178 2743 309 2805 tenebris
320 2745 476 2804 convenire
492 2741 528 2800 ad
543 2743 658 2819 signnm
673 2747 808 2818 possent,
824 2737 920 2818 vigilia
932 2737 1021 2797 ferme
1031 2728 1102 2810 prim

179 2825 242 2886 tolll
255 2829 340 2891 iussit
354 2828 450 2905 signa,
470 2823 625 2903 silentique
642 2823 790 2902 proiectus
805 2823 921 2902 agmine
940 2837 1004 2881 eum
1018 2812 1049 2876 ad
1060 2807 1101 2868 Hi·

139 2918 171 2970 18
183 2928 245 2970 mas
262 2910 357 2969 media
373 2917 458 2969 noete
474 2910 668 2988 pervenisset,
690 2916 785 2968 castra
802 2906 949 2985 Campana
966 2911 997 2965 ut
1014 2901 1041 2959 in
1052 2905 1101 2972 per·

180 2994 278 3072 vigilio
294 2991 427 3069 neglecta
441 2990 528 3053 simul
543 2990 678 3064 omuibus
693 2993 786 3068 portis
797 2991 923 3058 invadit;
940 2987 1008 3048 alios
1021 2985 1101 3040 somno

180 3085 301 3146 stratos,
314 3073 385 3136 alios
396 3081 565 3155 perpetrato
577 3091 661 3135 sacro
670 3075 792 3135 inermis
804 3073 953 3135 redeuntis
963 3060 1101 3129 obtruncat

140 3167 171 3220 to
182 3161 334 3221 hominum
352 3178 387 3220 eo
408 3158 534 3219 tumultu
550 3163 694 3217 nocturno
710 3176 793 3221 caesa
814 3157 880 3237 plus
895 3156 951 3216 duo
966 3149 1039 3212 milia
1051 3151 1101 3202 tum
1141 3215 1142 3218 ,

180 3244 244 3318 ipso
262 3244 335 3303 duce
351 3241 442 3302 llario
458 3238 548 3310 ntum
563 3243 640 3319 capti
658 3242 693 3279 *⁴¹
705 3249 734 3300 et
745 3244 828 3319 signa
842 3239 975 3301 militaria
988 3233 1101 3312 quattuor
1141 3255 1142 3258 ¹

181 3333 211 3381 et
224 3326 351 3399 triginta.
500 3382 503 3386 ,
806 3384 808 3387 .

158 3411 170 3460 t
244 3403 368 3465 xxxvi.
403 3406 666 3466 Gracchus-miuus
681 3416 797 3468 centum
815 3408 937 3470 militum
953 3405 1052 3462 iactura
1066 3404 1101 3481 0³5
1140 3452 1141 3455 ,

182 3487 251 3543 stris
265 3486 391 3546 hostium
407 3490 516 3563 potitus
527 3489 632 3551 Cumas
643 3507 674 3549 se
689 3502 816 3569 propere
830 3490 955 3571 recepit,
970 3483 1003 3544 db
1013 3479 1101 3540 flilffl'
