2290 3920
233 219 325 263 amun
339 221 417 261 xxm.
433 220 501 263 oar.
519 207 559 258 ll.
575 208 615 258 12.
633 197 671 280 [a.
689 201 724 263 O.
742 200 809 284 217]
937 205 997 268 271

62 367 146 426 lutari.
175 369 332 444 magnatis
346 367 498 428 bominum
517 369 681 446 conscripta
693 367 803 429 Romae
818 377 895 438 erat;
911 368 1027 431 liber-8
1137 376 1138 453 J

62 449 108 507 tini
117 450 215 520 etlam,
231 449 336 529 quibus
351 449 437 510 liberi
450 459 548 512 essent
562 458 591 511 et
606 459 684 512 aetas
699 451 847 523 militaris,
863 454 895 512 in
910 453 998 515 rerba
1137 490 1138 505 ι

60 531 219 593 iuraverant.
251 552 286 595 ex
303 535 361 594 hoc
374 534 488 611 urbano
503 538 635 596 exercitu
650 537 701 614 qui
721 537 851 596 minores
872 539 1028 617 quinqueti
1137 584 1138 599 2

61 621 84 673 et
97 617 206 694 triginta
223 620 307 678 annis
323 626 406 678 eraut
418 620 448 678 in
464 621 544 679 navis
558 620 691 697 inpositi,
708 618 770 688 alii,
788 627 820 680 ut
833 618 899 680 urbi
914 639 999 698 prae·

7 736 9 739 .
59 697 305 770 siderentrelicti.
1137 746 1138 783 3

7 856 9 859 Υ
111 782 168 844 llll.
197 785 326 846 Dictator
341 788 473 847 exercitu
489 785 617 848 consulis
631 795 751 866 accepto
767 807 783 847 a
799 786 900 848 Fulvio
917 788 1026 848 Flac-1
1137 824 1138 827 =

59 880 87 925 co
103 865 193 944 legato
214 887 268 947 per
289 885 391 945 agrum
408 869 549 931 Sabinum
566 870 675 940 Tibur,
697 889 755 950 quo
769 871 847 931 diem
869 871 904 931 ad
930 890 999 933 con·
1137 876 1138 887 ¹

59 950 218 1013 veniendum
234 952 365 1015 edixerat
386 955 468 1013 novis
485 953 640 1024 militibus,
664 955 753 1014 uenit.
789 954 858 1014 inde
874 954 1029 1015 Praene-2
1137 964 1138 967 ’

59 1039 94 1091 sta
117 1051 147 1094 ac
167 1038 342 1099 transversis
359 1035 501 1099 limitibus
528 1039 560 1097 in
580 1039 656 1099 riam
680 1038 812 1099 Latinam
837 1044 882 1099 est
902 1054 1001 1116 egres·

59 1130 111 1186 sus,
121 1118 196 1179 uode
208 1119 364 1181 itineribus
373 1138 486 1183 summa
499 1139 565 1182 cum
579 1139 649 1182 cura
662 1121 818 1201 exploratis
833 1121 869 1182 ad
887 1121 1001 1184 hostem

59 1197 126 1260 ducit
137 1201 214 1264 nullo
226 1204 308 1272 loco,
325 1204 381 1265 nisi
393 1212 534 1283 quantum
549 1207 707 1266 necessitas
719 1212 852 1284 cogeret,
866 1205 1001 1267 fortunae

60 1297 84 1340 se
103 1287 316 1348 commissurus.
350 1306 408 1367 quo
427 1290 556 1367 primum
577 1289 623 1348 die
644 1288 722 1348 haud
742 1289 846 1367 procul
866 1290 952 1368 Arpis
969 1291 1027 1349 int
1137 1300 1138 1343 3

59 1377 202 1446 conspectu
216 1372 345 1432 bostium
366 1373 464 1450 posuit
480 1378 590 1438 castra,
614 1369 693 1430 nulla
713 1388 796 1430 mora
817 1371 908 1442 lacta,
931 1373 1002 1450 quin

59 1445 158 1513 Poenus
178 1453 318 1515 educeret
343 1456 375 1514 in
395 1456 488 1514 aciem
513 1455 686 1532 copiamque
711 1454 861 1532 pugnandi
880 1454 999 1514 iaceret.

59 1532 157 1596 sedubi
172 1539 268 1615 quieta
286 1539 383 1599 omnia
399 1537 475 1617 apud
492 1537 592 1598 hostes
608 1555 663 1597 nec
681 1544 777 1598 castra
794 1535 853 1596 ullo
875 1535 1030 1596 tumultut
1137 1536 1138 1551 ¹

59 1623 124 1677 mota
143 1620 234 1689 videt,
256 1623 415 1701 increpans
437 1622 570 1700 quidem,
597 1622 689 1682 victos
703 1620 821 1681 tandem
839 1636 907 1679 suos
925 1619 1001 1679 Mar·

59 1698 105 1760 tios
119 1704 228 1768 animos
243 1706 384 1768 Romanis
400 1704 634 1783 debellatumque
652 1711 681 1764 et
703 1720 873 1764 concessum
894 1720 1001 1782 propa-

59 1779 159 1846 lande
180 1790 287 1850 virtute
309 1806 343 1848 ao
366 1786 459 1866 gloria
481 1806 560 1858 esse,
582 1790 612 1847 in
631 1795 726 1847 castra
746 1785 848 1857 rediit,
871 1792 1031 1847 ceteruma
1137 1866 1138 1869 Ἴ

60 1868 134 1929 tacita
155 1889 222 1933 cura
249 1872 381 1933 animum
402 1873 539 1943 incessit,
565 1870 729 1951 quodcum
754 1871 827 1931 duce
852 1869 1002 1948 haudqua-

60 1964 134 2026 quam
148 1953 293 2017 Flaminio
308 1955 542 2034 Sempronioque
559 1953 648 2015 simili
661 1955 760 2015 sutura
774 1953 830 2015 sihi
851 1973 899 2015 res
916 1962 1002 2023 esset,

60 2046 87 2090 te
109 2039 313 2099 tumdemum
345 2038 441 2099 edocti
465 2038 550 2100 malis
568 2039 693 2100 Romani
725 2056 827 2118 parem
848 2036 1004 2119 Hannibali

61 2112 152 2180 ducem
168 2123 360 2199 quaesissent.
395 2129 423 2182 et
437 2122 623 2200 prudentiam
638 2122 757 2201 quidem
769 2139 829 2181 non
845 2119 1032 2180 vimdicta··6
1137 2128 1138 2131 ’

59 2201 120 2261 toris
131 2205 275 2286 extemplo
291 2206 387 2266 timuit
393 2224 401 2274 ;
420 2207 611 2266 constantiam
630 2205 779 2265 hauddum
794 2209 932 2282 expertus
943 2203 1003 2278 agi·

59 2285 114 2344 tare
126 2303 158 2347 ac
173 2295 319 2368 temptare
335 2290 465 2349 animum
477 2287 621 2348 movendo
634 2287 739 2347 crebro
751 2294 846 2346 castra
861 2284 1004 2363 populan-

60 2361 144 2445 doque
157 2372 187 2430 in
203 2371 296 2434 oculis
309 2374 372 2433 eius
383 2389 470 2450 agros
483 2373 630 2432 sociorum
643 2372 755 2448 coepit;
772 2376 801 2428 et
814 2368 902 2428 modo
917 2369 1033 2428 uiator

62 2453 213 2525 agmineex
228 2466 389 2535 conspectu
403 2455 516 2524 abibat,
532 2454 619 2515 modo
634 2461 756 2532 repente
771 2454 801 2511 in
817 2451 913 2530 aliquo
928 2451 1006 2512 ssexu

60 2531 127 2604 viae,
149 2539 175 2598 si
188 2541 325 2617 excipere
345 2539 516 2617 degressum
542 2540 572 2597 in
593 2555 716 2616 aequom
736 2543 850 2615 posset,
874 2534 1005 2595 occultus

62 2613 233 2683 subsistebat
264 2622 371 2683 Fabius
387 2640 441 2701 per
458 2621 523 2682 loca
543 2621 599 2682 alta
621 2637 725 2696 agmen
742 2617 868 2679 ducebat
888 2615 1033 2678 modicot
1135 2627 1138 2651 ¹

62 2694 188 2764 ainosis
208 2705 377 2776 intervallo,
399 2712 434 2767 ui
453 2723 550 2784 neque
566 2705 715 2764 omitteret
738 2721 804 2763 eum
826 2720 921 2782 neque
936 2718 1005 2761 con·

63 2783 232 2853 grederctur.
260 2791 371 2861 castris,
384 2791 441 2850 nisi
453 2790 593 2868 quantum
605 2805 674 2848 usus
686 2788 844 2847 necessarii
856 2792 1005 2862 cogerent,

62 2866 205 2930 tenebatur
219 2870 320 2942 miles;
335 2873 474 2952 pabulum
491 2881 520 2932 et
533 2872 612 2950 ligna
628 2889 683 2932 nec
699 2873 785 2950 pauci
797 2870 938 2950 petebant
951 2887 1007 2929 nec

63 2951 175 3021 passim
200 2957 331 3034 equitum
348 2956 476 3036 larisque
500 2963 666 3017 armaturae
688 2957 773 3016 statio
793 2955 943 3032 conposita
963 2954 1036 3013 imit

63 3032 219 3115 structaque
242 3041 275 3099 in
301 3039 413 3100 subitos
436 3038 511 3121 [est]
538 3037 679 3100 tumultus
703 3045 732 3099 et
758 3056 811 3099 suo
836 3037 1008 3097 mittitote

64 3117 150 3177 onnia
165 3127 194 3179 et
212 3116 317 3183 intesta
336 3124 433 3184 effusis
448 3124 575 3184 hostium
589 3121 811 3201 populatoribus
831 3116 1006 3199 praebebat;

63 3207 149 3275 neque
165 3205 300 3266 universo
311 3205 443 3285 periculo
454 3224 568 3267 summa
586 3223 686 3265 rerum
705 3201 954 3273 committebatur,
979 3207 1050 3261 etld
1137 3262 1138 3265 ,

64 3290 143 3351 parra
166 3298 314 3350 momenta
341 3289 447 3350 levium
467 3291 661 3350 certaminum
685 3307 720 3349 ex
748 3294 810 3347 tuto
837 3293 1008 3364 coeptorum

64 3354 177 3428 britimo
193 3380 313 3451 receptu
328 3372 565 3434 adsuefaciebant
582 3374 717 3434 territum
735 3370 868 3451 pristinis
884 3368 928 3450 [in
946 3366 1007 3450 his]

65 3438 188 3511 cladibus
202 3454 324 3517 militem
338 3458 436 3518 minus
458 3459 515 3517 iam
532 3457 649 3518 tandem
673 3462 722 3516 aut
743 3456 856 3516 virtutis
879 3461 929 3513 aut
948 3451 1008 3512 ior·
