2396 3920
51 52 147 162 av

152 219 192 279 72
288 233 381 275 crona
396 231 466 274 vm.
482 230 549 272 cae.
565 217 609 271 22.
624 216 668 270 23.
688 206 726 290 [a.
745 232 776 270 u.
793 215 893 272 0126.
910 208 977 290 427]

150 388 285 460 terquam
304 378 382 460 quod
403 376 553 457 Fregellas
565 411 608 422 -
622 371 820 438 Sidicinorum
843 377 869 437 is
893 394 977 455 ager,
1002 376 1111 441 deinde

150 463 321 525 Volscorum
337 463 490 524 luerat-
508 459 622 522 colonia
637 459 776 531 deducta,
793 468 823 522 et
836 459 946 540 populo
957 461 1113 523 visceratio

121 557 138 606 3
151 548 217 610 data
234 548 304 608 ald.
321 546 420 608 Flavio
434 548 466 606 in
481 546 585 606 sunere
602 545 715 606 matris.
746 550 830 605 erant
844 546 895 624 qui
913 562 968 624 per
981 547 1112 623 speciem

151 631 342 694 honorandae
359 631 491 712 parentis
510 629 645 689 meritam
666 626 835 691 mercedem
854 627 964 708 populo
985 627 1112 713 solutam

151 718 434 796 interpretarentur,
451 713 529 794 quod
544 730 612 773 eum
627 711 675 772 die
691 711 769 773 dicta
780 711 816 774 ab
831 710 977 774 aedilibus
987 714 1114 774 crimine·

125 807 299 880 estupratae
321 799 422 861 matris
447 795 574 858 familiae
598 793 778 859 absolvisset.
814 795 883 857 data
906 797 1062 857 visceratio
1082 796 1132 858 iu'

150 885 339 965 praeteritam
351 883 452 945 iudicii
463 881 587 958 gratiam
603 880 725 941 honoris
737 881 823 941 etiam
835 880 863 940 ei
874 898 962 942 causa
973 881 1043 952 luit,
1061 882 1112 942 tri·

149 969 319 1047 bunatuque
330 966 427 1045 plebei
438 965 580 1045 proximis
592 965 718 1025 comitiis
729 962 835 1024 absens
845 963 1015 1051 petentibus
1025 983 1113 1043 prae·

151 1053 255 1112 fertur.

123 1142 139 1192 5
211 1132 376 1216 Palaepolis
397 1131 452 1193 luit
469 1131 548 1210 haud
568 1131 673 1213 procul
694 1131 778 1202 inde,
800 1131 852 1193 ubi
876 1149 956 1193 nunc
973 1131 1113 1210 Neapolis

150 1220 270 1279 sitaest.
303 1215 416 1277 duabus
428 1214 551 1277 urbibus
562 1214 688 1295 populus
697 1215 781 1282 idem¹
790 1213 950 1278 habitabat.
984 1215 1114 1277 acumis

151 1308 236 1363 erant
246 1300 378 1370 oriundi;
394 1301 517 1362 Cumani
528 1298 666 1362 Chalcide
677 1298 807 1361 Euboica
819 1301 966 1378 originem
980 1299 1113 1360 trahunt.

121 1386 256 1458 6010000,
273 1404 331 1466 qua
343 1385 456 1446 advecti
470 1383 506 1445 ab
522 1384 610 1445 domo
625 1385 756 1453 fueraut,
772 1382 896 1445 multum
911 1383 943 1444 in
955 1400 1008 1444 ora
1022 1385 1112 1445 maris
1149 1382 1153 1393 “

151 1472 229 1543 0110,
248 1468 327 1552 quod
345 1469 494 1538 accolunt,
517 1475 657 1548 potuere,
673 1469 770 1547 primo
784 1468 816 1527 in
830 1466 942 1528 insulas
956 1468 1110 1529 Aenariam

150 1563 180 1616 et
199 1555 371 1617 Pithecusas
391 1555 517 1632 egressi,
540 1552 646 1613 deinde
666 1554 698 1611 in
718 1553 921 1612 continentem
942 1552 1008 1611 ausi
1028 1550 1123 1612 sedes

122 1648 137 1696 7
152 1639 323 1701 transferre.
356 1638 430 1698 haec
445 1639 545 1697 civitas
560 1654 627 1696 cum
650 1636 711 1696 suis
725 1633 836 1696 viribus
857 1642 920 1715 tum
934 1633 1111 1705 Samnitium

150 1721 257 1782 infidae
267 1721 413 1781 'adversus
429 1719 579 1781 Romanos
594 1718 726 1778 societati
747 1718 822 1779 freta
838 1721 899 1794 sive
915 1717 1109 1797 pestilentiae,

150 1822 225 1884 quae
239 1804 403 1865 Romanam
423 1800 529 1863 urbem
551 1800 654 1862 adorta
675 1802 881 1873 nuntiabatur,
902 1801 999 1863 lideus
1022 1802 1110 1865 multa

149 1884 267 1948 hostilia
289 1885 427 1946 adversus
448 1885 597 1946 Romanos
618 1902 721 1962 agrum
742 1886 922 1964 Campanum
937 1886 1109 1948 Falernum·

121 1977 207 2050 8que
217 1967 381 2029 incolentes
392 1968 470 2028 lecit.
498 1969 588 2045 igitur
599 1969 631 2030 L.
645 1967 781 2033 Cornelio
796 1969 921 2031 Lentulo
936 1969 971 2041 0.
986 1969 1110 2031 Publilio

149 2053 273 2116 Philone
286 2053 395 2112 iterum
411 2051 581 2113 consulibus
595 2052 742 2115 fetialibus
756 2052 935 2134 Palaepolim
950 2054 987 2115 ad
1003 2072 1053 2116 res
1065 2072 1109 2115 10-

87 2206 91 2212 ,
149 2137 291 2219 petendas
302 2136 414 2206 missis,
431 2154 498 2196 cum
510 2135 635 2200 relatum
648 2145 751 2200 esseta
764 2137 898 2209 Graecis,
914 2146 1003 2216 gente
1014 2137 1109 2215 lingua

150 2224 243 2301 magis
253 2230 372 2281 strenua
384 2238 471 2300 quam
484 2219 583 2291 lactis,
595 2221 680 2282 ferox
691 2238 879 2299 responsum,
893 2240 929 2282 ex
941 2221 1111 2283 auctoritate

116 2315 139 2366 t
148 2313 266 2386 patrum
286 2304 412 2383 populus
430 2301 654 2383 Palaepolitanis
681 2303 792 2365 bellum
811 2305 879 2366 lieri
905 2306 1001 2366 iussit.
1035 2307 1110 2365 inter

150 2387 286 2450 consules
306 2389 467 2467 provinciis
488 2389 654 2466 conparatis
680 2386 759 2450 bello
783 2390 888 2451 Graeci
911 2387 1107 2469 persequendi

149 2470 276 2539 Publilio
294 2478 472 2541 evenerunt;
491 2470 645 2534 Cornelius
665 2470 757 2533 altero
773 2474 904 2534 exercitu
921 2473 1106 2539 samnitibus,

25 2606 29 2613 .
108 2565 142 2618 10
151 2560 175 2619 si
192 2576 249 2637 qua
269 2574 302 2619 00
315 2563 482 2627 moverent,
505 2558 666 2637 oppositus.
696 2556 774 2619 lama
787 2564 886 2618 autem
906 2563 987 2626 erat,
1013 2556 1106 2617 delec-

148 2644 222 2703 tioni
237 2642 452 2721 Campanorum
465 2642 644 2702 inminentes
654 2640 825 2702 admoturos
839 2647 944 2702 castra.
965 2640 1106 2719 ’11110111-

149 2742 231 2785 mum
246 2728 339 2785 visum
360 2725 495 2787 Cornelio
511 2727 613 2786 stativa
632 2723 752 2797 habere.

122 2815 136 2870 1
233 2805 335 2867 xxm.
358 2807 401 2867 Ab
419 2816 546 2885 utroque
560 2807 680 2870 consule
697 2810 834 2886 exiguam
847 2825 931 2886 spem
946 2809 1029 2888 pacis
1043 2822 1104 2868 cum

150 2886 332 2951 Samnitibus
353 2908 418 2950 esse
437 2891 547 2951 certior
566 2892 599 2953 lit
618 2900 751 2954 senatus:
790 2890 933 2955 Publilius
945 2893 1010 2954 ¹duo
1029 2888 1104 2952 milia

149 2972 332 3036 Nolanorum
347 2973 475 3035 militum
491 2981 520 3035 et
535 2975 672 3054 quattuor
690 2976 868 3038 Samnitium
881 2977 976 3056 magis
990 2972 1104 3038 Nolanis

150 3057 324 3137 cogentibus
337 3056 431 3137 quam
452 3055 600 3121 voluntate
620 3059 801 3122 Graecorum
823 3067 944 3140 recepta
960 3053 1103 3138 Palaepoli

120 3145 284 3211 amiserat,
303 3141 339 3182 ¹¹¹*
353 3143 465 3205 Romae
479 3151 655 3222 conpertum
674 3143 972 3206 dilectumindictum
988 3162 1005 3205 a
1019 3139 1104 3218 magi·

151 3227 291 3287 stratibus
309 3228 538 3306 universumque
552 3227 706 3290 Samnium
722 3235 853 3290 erectum
868 3245 903 3288 ac
925 3229 1037 3289 vicinos
1056 3241 1103 3305 po·

149 3305 249 3384 pulos,
271 3308 474 3373 Privernatem
494 3311 727 3393 Fundanumque
748 3319 778 3374 et
797 3312 1004 3382 Formianum,
1032 3302 1104 3371 haud

123 3387 287 3466 aambigue
301 3391 461 3455 sollicitari.
492 3394 531 3456 ob
547 3396 621 3457 baec
634 3414 702 3457 cum
723 3395 836 3474 legatos
855 3397 935 3456 mitti
951 3392 1104 3474 placuisset

149 3472 233 3551 prius
244 3470 281 3531 ad
292 3473 446 3547 Samnites,
459 3495 546 3554 quam
558 3478 669 3540 bellum
680 3479 773 3550 fleret,
789 3496 966 3559 responsum
977 3476 1104 3541 redditur
