2290 3920
23 221 25 227 ’
138 215 199 278 248
316 232 410 274 urrann
424 233 489 274 xxr.
506 232 575 277 ear.
590 222 634 275 52.
649 221 693 276 58.
713 211 754 295 [a.
768 237 800 276 u.
816 237 841 275 e.
856 209 914 294 536]

137 378 262 438 duorum
282 381 519 458 praepotentium
542 380 719 460 populorum
744 381 902 442 aeramine
920 394 970 459 per
993 377 1070 439 ambl-

140 478 229 538 guum
255 460 385 523 iasonem
410 462 489 524 haud
515 463 603 526 dubie
630 466 754 544 gratiam
778 465 896 525 victoris
917 469 1070 542 spectantes

107 544 167 604 eid
182 544 320 616 Romani,
342 545 430 608 mode
446 565 484 608 ne
499 547 568 628 quid
582 555 751 621 moverent,
768 566 861 628 aequo
876 548 958 618 satis,
973 545 1072 606 Peenm

135 629 291 707 periniquo
309 631 409 691 *animo
430 630 559 702 ferebat,
580 631 617 692 ab
634 631 724 693 Gallis
739 634 864 693 accitum
884 648 915 691 se
928 629 1032 690 venisse
1043 626 1072 687 ad

106 711 303 774 eliberandas
323 732 373 773 eos
394 714 539 776 dictitans.
574 714 612 775 ob
628 733 692 776 eam
713 716 805 786 iram,
830 713 915 775 simul
932 720 964 774 ut
981 710 1072 792 praeda

134 794 256 857 militem
282 796 392 866 aleret,
415 798 473 859 due
494 797 574 859 milia
597 798 730 878 peditum
746 806 777 858 et
791 797 872 859 mille
889 798 1009 877 equites,
1024 793 1071 855 Nu

134 878 228 965 midas
254 880 425 959 pleresque,
455 882 562 942 mixtos
590 881 731 961 quosdam
761 889 791 942 et
813 881 926 951 Gallos,
958 877 1072 959 populari

108 971 255 1024 nemnem
269 963 409 1042 deinceps
427 982 534 1042 agrum
549 982 643 1044 usque
656 965 693 1026 ad
704 966 777 1027 Padi
791 966 872 1044 ripas
886 965 976 1026 iussit
1003 979 1073 1042 egen

134 1053 178 1106 tes
197 1064 253 1125 epe
265 1046 355 1117 Galli,
374 1064 442 1107 cum
457 1047 494 1107 ad
508 1048 538 1107 id
556 1047 661 1109 dubius
676 1056 843 1111 servassent
857 1049 982 1117 animos,
1000 1045 1073 1106 coacti

135 1129 171 1188 ab
188 1130 357 1191 auctoribus
370 1131 496 1190 iniuriae
512 1131 548 1191 ad
564 1132 695 1193 vindices
710 1133 823 1193 futuros
838 1131 998 1200 declinant,
1010 1128 1073 1206 lega·

133 1214 230 1290 tisque
244 1213 281 1273 ad
303 1212 440 1273 eonsules
458 1215 554 1275 missis
569 1215 710 1276 auxilium
722 1215 925 1278 Romanorum
945 1221 1034 1276 terrae
1045 1209 1073 1271 oi

107 1296 256 1359 animiam
269 1295 416 1358 cultorum
430 1297 519 1358 iidem
532 1300 564 1358 in
575 1299 887 1360 Rcmancs'laberanti
901 1305 993 1361 orant.
1018 1295 1073 1358 cm·

134 1377 213 1440 nelio
229 1398 284 1441 nec
299 1399 387 1442 causa
400 1398 457 1443 uec
470 1389 588 1460 tempus
603 1383 734 1461 agendae
749 1384 794 1444 rei
807 1382 958 1464 placebat,
976 1395 1074 1458 suspec-

55 1500 58 1509 Δ
132 1470 221 1547 taque
244 1465 271 1525 ei
298 1483 371 1544 gens
394 1473 459 1527 erat
478 1483 544 1527 cum
567 1464 605 1526 ob
624 1465 714 1526 infida
735 1465 827 1533 multa
847 1467 993 1535 facinora,
1017 1471 1073 1528 tun.

132 1554 166 1607 ut
187 1546 237 1608 illa
251 1557 393 1610 vetustate
409 1547 632 1619 obsolevissent,
653 1547 692 1611 eb
706 1558 859 1612 recentem
874 1550 1010 1611 Boiorum
1022 1561 1074 1626 per·

105 1631 249 1701 sidiam
266 1634 459 1712 Sempronius
471 1640 575 1694 centra
586 1634 772 1694 continendis
783 1635 815 1694 in
831 1633 892 1696 tide
907 1633 992 1696 aneis
1002 1629 1073 1692 marl·

132 1734 214 1777 mum
225 1715 373 1777 vinculum
381 1735 446 1778 esse
456 1718 578 1796 primns,
587 1719 639 1796 qui
645 1719 795 1795 eguissent
802 1735 868 1797 epe,
882 1717 1074 1779 deiensescen·

106 1799 226 1859 esebat.
254 1818 322 1861 cum
334 1801 477 1879 collegam
491 1807 677 1861 cunctantem
689 1802 903 1880 ”equitatum
918 1818 1000 1863 suum
1013 1793 1074 1858 mille

132 1882 263 1960 peditum
292 1881 501 1945 iaculatoribus
529 1884 624 1945 ferme
650 1883 787 1945 admixtis
813 1885 850 1945 ad
878 1879 1074 1947 defendendum

92 1973 123 2024 10
134 1963 277 2032 Gallicum
299 1983 402 2044 agrum
422 1974 505 2027 trans
519 1967 657 2037 Trebiam
672 1965 779 2029 'mittit
810 1986 932 2047 sparsas
945 1974 975 2029 et
992 1969 1073 2026 ineen-

131 2049 241 2127 pesitos
266 2049 302 2108 ad
330 2050 387 2110 hen
411 2052 506 2128 gravis
530 2051 640 2128 praeda
665 2050 823 2132 plerosque
846 2071 916 2114 cum
946 2050 1074 2129 inopiam

131 2134 318 2204 invasissent,
338 2135 490 2211 ingentem
510 2140 657 2196 terrerem
672 2135 854 2214 caedemque
876 2155 913 2198 ae
934 2136 1074 2214 fugamus

132 2236 189 2296 que
213 2217 249 2278 ad
270 2225 366 2285 castra
389 2218 588 2297 stadomsque
608 2218 736 2281 hostium
759 2219 875 2288 fecere3
898 2219 978 2281 unde
996 2212 1073 2277 muli·

131 2303 233 2362 tudine
244 2302 334 2363 eiinsa
349 2301 427 2381 pulsi
443 2319 546 2363 rursus
558 2300 688 2364 subsidio
704 2320 826 2364 suorum
849 2302 995 2382 proelium
1008 2296 1073 2359 resti·

91 2391 120 2441 11
134 2394 227 2445 tuere.
267 2389 345 2447 varia
365 2386 434 2446 inde
461 2403 560 2465 pugna
578 2394 735 2465 sequentes
754 2387 951 2466 cedentesque
970 2398 1030 2445 eum
1047 2373 1073 2437 td

132 2476 297 2530 extremum
316 2476 492 2549 aequassent
506 2477 669 2540 certamen,
692 2470 787 2529 maior
801 2477 903 2531 tamen
918 2468 1037 2531 hostium
1049 2458 1073 2495 ¹⁹

131 2553 280 2614 Romanos
293 2553 372 2614 fama
386 2555 526 2615 victoriae
539 2553 605 2613 luit

108 2647 120 2693 1
197 2635 268 2697 llll.
300 2636 435 2698 Ceterum
451 2634 563 2701 nemini
577 2637 710 2696 omniurn
724 2637 819 2697 maier
829 2638 993 2716 iustiorque
1006 2642 1073 2711 quem

129 2721 188 2798 ipsi
215 2721 330 2780 consuli
352 2721 459 2789 rideri3
489 2719 595 2798 gaudio
618 2719 731 2789 eiierri,
758 2738 816 2799 qua
837 2726 923 2799 parte
944 2719 1072 2797 copiarum

103 2803 207 2862 aalter
220 2803 322 2863 consul
344 2805 437 2864 dctus
456 2804 547 2872 ieret,
576 2821 611 2864 ea
630 2820 662 2863 se
682 2803 799 2864 vicisse:
821 2805 974 2865 restitutos
990 2815 1021 2860 ac
1036 2810 1071 2855 re·

131 2886 225 2945 iectus
239 2885 380 2946 militibus
398 2888 526 2954 animos,
546 2904 602 2947 nec
614 2904 791 2966 quemquam
808 2904 872 2947 esse
886 2892 1005 2966 praeter
1018 2892 1071 2940 ceu·

130 2969 241 3048 legam,
258 2970 309 3049 qui
324 2968 442 3030 dilatam
455 2968 788 3037 dimicationem·rellet;
805 2987 873 3030 eum
885 2970 985 3031 animo
998 2959 1071 3037 magis

131 3073 218 3133 quam
240 3070 366 3133 corpore
392 3070 513 3132 aegrum
540 3054 684 3114 memoria
707 3051 837 3115 vulneris
861 3054 956 3114 aciem
979 3067 1011 3112 ac
1029 3040 1071 3140 tell

104 3138 267 3198 aborrere.
290 3136 413 3198 sednon
425 3155 490 3198 esse
502 3154 569 3198 cum
581 3137 905 3214 aegrcsenescendum.
931 3131 1071 3214 quaeum

129 3218 207 3281 ultra
220 3221 332 3282 diiierri
352 3230 403 3283 ant
422 3223 478 3282 teri
497 3221 632 3300 tempus?
678 3238 766 3299 quem
786 3222 906 3283 tertium
929 3211 1070 3308 consulem.

103 3309 217 3377 aquem
235 3302 322 3364 alium
340 3307 502 3366 exercitum
515 3304 683 3383 expectauit
698 3310 794 3365 eastra
806 3303 1070 3381 Carthaginienslum

130 3381 258 3442 initalia
277 3404 311 3444 ac
330 3406 424 3467 prope
442 3390 474 3448 in
489 3394 649 3467 conspectu
669 3384 753 3448 urbis
773 3404 848 3450 esse.
882 3402 945 3445 non
961 3376 1069 3444 sienim

130 3481 167 3521 ac
182 3463 345 3528 Sardiniam
359 3473 444 3531 victis
459 3468 627 3550 ademptas,
641 3488 698 3533 nec
712 3470 755 3531 eis
766 3470 908 3533 Hiberum
919 3459 1070 3544 Hispaniam
