2350 3922
273 252 368 293 4444444
382 251 470 293 xxm.
488 204 557 295 444.
573 240 617 293 44.
634 238 677 290 45.
693 228 732 312 [4.
749 231 784 294 0.
799 229 859 312 215]
987 235 1048 298 365

82 401 255 465 certamine
292 408 379 479 atque
411 400 537 460 inritatis
574 399 678 460 animis
716 399 746 457 in
782 398 887 459 urbem
915 397 1048 473 Romani,

85 480 185 549 Poeni
206 486 237 545 in
259 491 356 545 castra
375 490 553 563 receperunt
573 501 652 544 sese:
676 501 743 547 4444
764 478 931 544 Poenorum
951 482 1048 560 prima

85 571 249 649 eruptione
262 566 392 647 perculsi
403 566 573 628 ceciderunt
584 567 662 630 haud
677 566 744 646 plus
755 585 842 646 quam
854 567 979 626 trecenti
990 566 1047 625 Ro-

83 654 173 715 mani
193 653 413 732 quinquaginta.
456 649 552 712 imber
573 653 727 712 continens
747 668 802 730 per
824 657 941 710 noctem
957 655 1075 709 1414446

85 735 244 818 usquead
268 736 372 799 horam
397 735 515 795 tertiam
537 734 596 795 diei
616 736 798 814 insequentis
821 734 929 802 tenuit;
951 734 1048 812 itaque

83 838 270 902 quamquam
292 826 416 899 utraque
437 836 506 896 pars
527 818 603 879 aridi
625 820 793 897 certaminis
814 825 911 887 eraut,
943 835 978 877 44
1002 814 1049 880 die

83 912 252 966 tenuerunt
270 920 335 964 4444
357 909 455 964 tamen
476 904 677 964 munimentis.
721 905 807 963 144114
836 901 882 961 die
903 898 1049 963 Hannibal

81 996 208 1077 partem
232 988 383 1066 copiarum
407 985 580 1067 praedatum
604 989 635 1047 in
660 1004 763 1064 agrum
785 984 930 1055 Nolanum
960 985 1046 1064 misit.

72 1070 171 1153 =quod
186 1066 236 1132 ubi
247 1070 450 1134 animadvertit
462 1069 626 1142 Marcellus,
639 1070 786 1151 extemplo
801 1072 833 1130 iu
844 1070 937 1130 aciem
950 1060 1076 1153 copias'r

85 1156 208 1223 eduxit;
220 1190 223 1195 -
234 1171 330 1235 neque
344 1152 498 1215 Hannibal
514 1150 693 1216 detractavit.
710 1158 712 1163 ’
730 1153 811 1216 mille
833 1153 896 1213 1444
910 1168 1048 1231 passuum

86 1243 171 1300 inter
186 1237 292 1300 urbem
309 1244 395 1299 eraut
413 1244 580 1316 castraque:
601 1256 635 1299 eo
652 1240 745 1317 spatio
759 1274 801 1288 -
819 1244 848 1297 et
865 1245 933 1296 suut
950 1236 1048 1313 omnia

83 1325 190 1401 campi
202 1324 280 1382 circa
292 1319 396 1383 Nolam
407 1356 449 1367 -
461 1326 684 1383 concurrerunt.
707 1320 817 1382 clamor
829 1327 959 1399 exparte
969 1326 1048 1379 utra·
1061 1325 1078 1377 8

83 1424 150 1487 que
166 1405 296 1466 sublatus
317 1405 468 1484 proximos
484 1422 525 1464 ‘ex
545 1404 716 1466 cohortibus
738 1407 789 1476 iis,
810 1422 885 1484 quae
906 1405 937 1463 14
960 1421 1049 1479 agros

86 1488 264 1570 praedatum
280 1490 425 1557 exierant,
441 1487 478 1548 ad
493 1488 638 1566 proelium
649 1491 708 1550 iam
724 1490 913 1549 commissum
930 1504 1047 1546 revoca·

87 1576 141 1634 vit.
166 1580 196 1633 41
212 1570 315 1635 Ν41441
331 1573 424 1632 aciem
439 1571 600 1633 Romanam
623 1581 781 1642 auxerunt,
804 1589 877 1652 quos
893 1568 1077 1630 conlauda-t

85 1665 136 1719 tos
152 1655 307 1717 Marcellus
321 1657 353 1715 in
367 1654 505 1717 subsidiis
520 1662 599 1717 stare
614 1664 644 1717 et
658 1656 772 1719 saucios
793 1674 829 1717 ex
853 1656 916 1714 4414
941 1653 1048 1714 efferre

69 1742 188 1809 iussit,
205 1755 305 1820 pugna
324 1738 486 1808 abstinere,
504 1741 535 1800 41
549 1739 586 1800 ab
602 1757 634 1802 se
650 1742 765 1819 siguum
781 1740 973 1817 accepissent.

73 1900 76 1904 λ
155 1823 238 1885 XLV.
267 1822 416 1885 Proelium
431 1830 495 1883 erat
512 1841 633 1903 anceps:
653 1842 767 1885 summa
782 1826 810 1884 vi
827 1832 857 1884 41
872 1822 961 1882 duces
977 1821 1073 1882 hor-1

88 1909 230 1977 labantur
245 1916 274 1968 41
289 1905 396 1968 milites
411 1904 590 1985 pugnabant.
620 1906 776 1969 Marcellus
790 1908 873 1968 victis
889 1905 1047 1966 antediem

88 1993 228 2061 tertium,
250 1992 356 2069 iugatis
375 1997 443 2050 aute
462 2008 572 2070 paucos
591 1992 653 2053 dies
676 2010 692 2052 a
708 1992 819 2061 Cumis,
840 1990 931 2070 pulsis
946 1993 1047 2070 priore

87 2093 170 2138 anno
196 2074 232 2136 ab
248 2074 321 2136 Nola
344 2072 412 2155 [ab]
439 2075 544 2136 eodem
570 2095 602 2137 se
627 2077 702 2136 duce
723 2075 817 2135 milite
838 2075 909 2143 alio,
937 2076 1046 2134 instare

87 2159 195 2223 iubet·
212 2176 271 2218 444
287 2159 382 2218 omnis
399 2160 508 2218 444414
524 2162 601 2230 4414,
617 2161 785 2243 praedantis
801 2159 900 2236 vagari
915 2159 946 2216 14
961 2164 1076 2234 agr032

85 2251 121 2303 et
137 2243 188 2320 qui
200 2249 333 2320 pugnent
346 2258 480 2301 marcere
496 2242 642 2322 Campana
658 2244 787 2312 luxuria,
810 2243 877 2300 vino
895 2247 924 2300 41
942 2241 1046 2301 4444114

89 2323 286 2405 omnibusque
302 2324 403 2386 lustris
423 2342 478 2403 per
496 2332 587 2385 totam
608 2326 737 2387 hiemem
758 2325 917 2387 coniectos.
950 2323 1074 2386 abisset

88 2409 171 2470 illam
185 2410 242 2469 vim
257 2410 465 2488 rigoremque„
476 2407 588 2488 dilapsa
604 2429 667 2470 esse
683 2409 791 2471 robora
809 2426 967 2486 corporum
983 2411 1030 2469 an’

87 2510 274 2572 morumque,
290 2492 397 2572 quihus
409 2493 552 2571 Pyrenaei
562 2494 736 2574 Alpiumque
749 2500 886 2572 superata
897 2494 956 2552 4141
967 2493 1035 2570 iuga

88 2576 230 2655 reliquias
241 2575 358 2637 illorum
373 2577 504 2637 virorum
515 2579 563 2637 vix
573 2596 655 2638 44444
670 2576 860 2657 membraque
876 2577 1046 2636 sustinentis

87 2676 236 2738 pugnare.
266 2660 304 2721 Ca
326 2678 394 2720 uam
411 2659 569 2720 Hannibali
585 2661 700 2724 Cannas
720 2662 818 2722 luisse.
852 2660 894 2721 ibi
910 2660 1074 2720 4141414444

87 2742 235 2814 bellicam,
250 2724 292 2803 ih
307 2731 463 2804 mllliarem
475 2728 668 2824 r'llsciplinam,
684 2729 727 2806 lbi
737 2746 889 2825 praeteriti
904 2745 1045 2822 temporis

89 2828 207 2896 lamam,
223 2824 265 2886 ibi
277 2846 360 2906 spem
374 2826 465 2887 futuri
477 2829 643 2890 extinctam.
669 2848 735 2891 cum
747 2830 821 2890 haec
838 2827 1043 2907 exprobrando
1055 2833 1072 2884 5
1132 2882 1134 2885 ,

89 2912 167 2971 hosti
182 2909 336 2971 Marcellus
351 2929 472 2972 suorum
494 2911 618 2993 militum
639 2916 754 2974 animos
772 2915 913 2990 erigeret,
934 2911 1044 2973 Η4441-

89 2992 139 3053 bal
154 2992 246 3054 multo
263 2993 446 3072 gravioribus
458 2994 577 3074 probris
591 2995 777 3076 increpabat:
800 3015 881 3058 arma
904 2997 1073 3076 signaqueo

89 3076 194 3138 eadem
218 3094 250 3137 se
273 3095 411 3147 noscere,
435 3096 509 3156 quae
527 3079 563 3142 ad
578 3079 716 3140 Trebiam
737 3079 1043 3159 Trasumennumque,

88 3168 240 3240 postremo
263 3161 300 3222 ad
314 3161 428 3224 Cannas
448 3161 555 3223 viderit
578 3163 787 3244 habueritque:
803 3163 931 3224 'militem
956 3162 1044 3224 alium

88 3244 223 3324 proiecto
238 3246 316 3305 4414
330 3245 455 3307 hiberna
471 3246 598 3325 Capuam
622 3248 753 3316 duxisse,
776 3247 864 3309 alium
883 3248 953 3307 inde
974 3248 1045 3308 edu·

89 3326 176 3389 441444.
207 3327 400 3406 „legatumne
415 3330 579 3391 Romanum
597 3339 627 3405 41
640 3331 765 3411 legionis
779 3335 865 3405 44144
878 3339 965 3410 41444
980 3330 1070 3393 41441

90 3426 196 3487 magno
212 3414 373 3472 certamine
387 3431 435 3474 rix
456 3421 485 3473 to
497 3416 585 3475 eratis
605 3434 749 3494 pugnam,
794 3434 847 3477 uos
863 3415 951 3477 binae
965 3418 1043 3476 acies

55 3574 57 3580 s
88 3434 1072 3578 suffimummsmuunrmmffirffeblu'sffilfoo

112 3578 1044 3611 Nm
