2280 3926
213 233 304 277 amna
317 236 347 276 x.
365 233 432 278 aar.
450 223 491 277 11.
508 223 551 278 12.
567 212 608 296 [a.
621 217 657 278 ο.
671 223 732 278 ooo.
745 214 809 298 eoo]
929 201 990 285 159

55 381 122 442 lisia
136 380 244 442 bellicis
261 380 349 442 rebus
364 380 463 442 multis
475 382 698 460 tempestatibus
710 383 815 453 iuerat,
830 383 895 444 talis
910 383 991 444 domi

55 473 104 527 tum
117 466 145 525 in
157 482 287 527 annonae
298 464 515 545 dispensatione
528 466 733 545 praeparando
744 482 779 526 oc
800 466 989 527 convehendo

54 548 183 610 frumento
197 549 307 610 luisset.
333 581 376 597 -
401 549 442 608 Eo
465 566 588 609 anno-
623 567 677 609 nec
697 549 823 610 traditur
840 567 926 610 causa
946 556 1034 608 -10
1134 554 1135 563 ’

5 634 7 717 ζ
53 633 236 712 interregnum
255 630 369 693 initum.
399 633 566 710 interreges
581 632 663 694 luere
685 632 738 712 Ap.
751 630 903 702 Claudius,
921 631 990 695 dein

5 722 7 789 ζ
51 715 75 776 P.
86 715 231 794 Sulpicius.
264 718 290 776 is
304 717 420 776 comitia
438 715 601 780 consularia
617 715 731 787 habuit,
751 718 860 777 crearit
873 716 906 778 L.
920 715 990 777 Cor·

5 826 7 841 .
51 799 143 861 nelium
155 800 325 879 Scipionem
340 800 392 860 Cn.
408 799 542 860 Fulvium
557 798 701 860 consules.
804 864 807 869 ,

5 896 7 901 ·
99 884 243 964 Principio
254 884 353 945 ‘huius
377 883 447 943 enni
469 890 601 945 oratores
621 884 808 946 Lucanorum
835 885 872 946 ad
898 901 988 946 novos
1001 889 1031 942 11

5 996 7 1047 {
51 967 167 1045 consules
178 973 325 1029 venerunt
342 974 491 1046 questum,
515 968 583 1047 qula
603 967 825 1029 condicionibus
844 967 990 1050 perlicere

6 1052 7 1057 ’
50 1053 265 1131 rerequirerint
281 1050 318 1110 ad
336 1051 505 1111 societatem
527 1068 692 1122 armorum,
715 1052 861 1113 Samnites
883 1052 991 1114 infesto

50 1137 161 1197 exercitu
181 1138 333 1214 ingressos
353 1135 427 1194 lines
445 1152 513 1196 suos
535 1142 649 1200 vastare
670 1134 808 1215 belloque
829 1137 865 1197 ad
878 1134 989 1197 bellum

8 1274 9 1277 ,
52 1233 146 1295 tegere.
174 1220 294 1281 Lucano
309 1217 418 1299 populo
431 1219 501 1279 satis
518 1236 666 1298 superque
682 1227 813 1280 erratum
829 1219 987 1300 quondam,
1002 1223 1034 1275 12

5 1368 7 1371 ,
51 1315 112 1362 nunc
130 1305 168 1364 ita
189 1303 353 1365 obstinatos
376 1303 490 1362 animos
510 1319 587 1372 esse,
608 1309 642 1361 ut
661 1305 760 1362 omnia
781 1302 861 1364 lerre
881 1322 915 1365 ac
930 1303 991 1382 pati

50 1384 209 1448 tolerabilius
224 1387 350 1455 ducant,
372 1403 459 1463 quam
481 1392 514 1446 ut
530 1402 670 1464 umquam
686 1392 787 1463 postea
803 1404 912 1447 nomen
931 1387 989 1446 Ro-

50 1485 149 1530 manum
172 1470 294 1531 violent.
336 1487 422 1530 oraro
441 1475 556 1547 patres,
583 1475 615 1528 ut
641 1474 671 1528 et
684 1469 818 1528 Lucanos
844 1471 876 1528 in
901 1468 989 1528 fidem
1000 1473 1033 1525 13

6 1602 12 1633 ,Α
48 1554 172 1633 accipiant
189 1562 220 1615 et
234 1555 294 1614 vim
311 1559 397 1632 atque
414 1552 552 1612 iniuriam
569 1550 605 1610 ab
620 1569 653 1611 se
668 1551 843 1611 Samnitium
859 1557 989 1611 arceant.

10 1636 12 1645 ⁴
48 1651 72 1692 sc
84 1640 254 1717 malequam
275 1635 354 1696 bello
377 1654 444 1697 eum
464 1633 645 1696 Samnitibus
666 1642 803 1713 suscepto
824 1635 991 1695 necessaria

47 1717 93 1779 iem
111 1721 184 1783 lacta
200 1721 343 1782 adversus
356 1719 505 1780 Romanos
518 1717 591 1787 tides
607 1720 658 1788 sit,
673 1725 774 1779 tamen
785 1717 903 1779 obsides
921 1717 992 1777 dare

8 1842 12 1853 „
46 1811 147 1875 paratos
168 1823 243 1866 esse.
294 1802 356 1863 Xll.
390 1803 493 1863 Brevis
516 1800 688 1862 consultatio
714 1809 833 1863 senatus
855 1802 927 1871 iuit;
955 1800 1019 1862 adl
1134 1806 1135 1809 ’

7 1942 9 1947 ,
46 1894 121 1948 uncini
136 1906 239 1949 omnes
250 1885 433 1964 iungendum
448 1885 552 1947 foedus
567 1903 633 1947 cum
647 1886 773 1947 Lucanis
786 1904 893 1967 resque
905 1903 990 1965 repe-

46 1970 133 2031 tendas
148 1970 375 2033 abSamuitibus
387 1976 517 2031 censent.
536 1969 665 2048 benigne
675 1986 851 2051 responsum
865 1970 1019 2031 Lucanist

5 2109 10 2126 2
47 2049 303 2135 ictumqueioedus.
325 2052 991 2132 fetialesmissi‚quiSamnitemdecedereagro

5 2180 7 2215 3
46 2139 176 2198 sociorum
194 2157 229 2199 ac
242 2136 390 2201 deducere
407 2138 568 2198 exercitum
584 2136 692 2198 linibus
703 2137 829 2198 Lucanis
844 2136 990 2197 iuberent.

5 2294 7 2299 ,
47 2218 135 2294 qubus
150 2222 266 2282 obviam
282 2222 364 2282 missi
380 2220 415 2280 ab
433 2220 629 2291 Samnitibus,
648 2221 699 2299 qui
721 2219 944 2288 denuntiarent,
965 2220 992 2279 si

5 2347 8 2355 .
47 2301 908 2376 pooamsmtieSamnio.maeniana-haudinviolatos
929 2301 991 2362 abi·

46 2388 123 2448 turos.
152 2390 228 2450 haec
242 2395 399 2467 postquam
415 2387 600 2448 audita-sunt
609 2386 734 2457 Romae,
749 2385 1022 2463 celandumne-s
1134 2418 1135 2421 ¹

6 2544 7 2547 Ἴ
46 2464 110 2530 tibus
121 2479 150 2532 et
159 2481 261 2551 patres
276 2478 457 2531 censuerunt
467 2469 633 2549 etpepulus
642 2470 736 2529 iussit.
763 2469 899 2530 consules
913 2472 992 2530 inter

47 2565 71 2608 sc
82 2557 241 2631 provincias
251 2555 351 2634 partiti
365 2559 450 2614 sunt:
469 2552 601 2630 Scipioni
610 2552 742 2622 Etruria,
760 2552 861 2612 Fulvio
876 2553 991 2625 Samni-

47 2636 290 2708 lemannum,
313 2637 480 2716 diversique
496 2635 533 2696 ad
554 2653 639 2696 suum
658 2634 781 2714 quisque
796 2632 907 2696 bellum
921 2653 991 2714 pro·

46 2713 210 2784 ficiscuntur.
233 2722 374 2800 Scipioni
388 2737 481 2799 segne
501 2717 776 2780 telumue-simila
797 2719 1020 2799 priorisannit

47 2799 151 2864 militiae
168 2806 337 2886 expectanti
356 2804 456 2864 hostes
477 2803 514 2864 ad
531 2802 699 2864 Volaterras
715 2803 860 2877 instructo
870 2805 993 2883 agmine

47 2895 236 2948 occurrerunt.
261 2895 424 2966 pugnatum
435 2889 547 2948 maiore
561 2894 645 2967 parte
658 2887 717 2947 diei
727 2905 833 2966 magna
844 2890 1021 2967 utrimque5

47 2968 138 3030 caede:
164 2990 224 3032 nox
238 2972 373 3043 incertis,
395 2989 453 3049 qua
473 2971 541 3032 data
563 2972 685 3032 victoria
707 2978 798 3042 esset,
823 2972 991 3033 intervenit.

46 3042 89 3108 lux
100 3053 255 3134 insequens
276 3057 418 3118 victorem
433 3055 612 3134 vmmmque
623 3053 860 3122 ostendissem
875 3055 1020 3114 Etruscis

47 3128 148 3195 silentio
171 3139 266 3199 noctis
288 3145 383 3198 castra
405 3136 598 3216 reliquerunt.
633 3136 783 3197 Romanus
805 3150 941 3214 egressus
960 3137 992 3196 in

48 3215 129 3278 aciem
142 3220 194 3280 ubi
207 3221 393 3300 proiectione
405 3219 533 3281 hostium
550 3236 720 3281 concessam
736 3219 888 3280 victoriam
903 3217 990 3290 videt,

47 3309 210 3376 progressus
225 3304 261 3364 ad
277 3311 387 3375 castra,
402 3306 501 3364 vacuis
516 3322 584 3364 cum
598 3302 726 3381 plurima
741 3301 851 3381 praeda
864 3336 909 3349 -
923 3320 992 3364 nana

47 3383 75 3437 tt
87 3387 193 3447 staura
204 3393 236 3447 et
254 3388 370 3469 trepide
387 3388 505 3450 deserta
524 3387 641 3449 lucrant
661 3419 704 3430 —-
720 3388 841 3465 potitur.
876 3386 946 3447 inde
961 3389 993 3447 in

47 3455 180 3529 Faliscum
197 3483 299 3549 agrum
315 3474 408 3552 copiis
423 3472 554 3536 reducds
567 3489 636 3533 cum
655 3469 992 3551 inpedimentaialcrlis
1003 3394 1067 3541 ⁷x
1134 3438 1135 3441 Ἴ

219 3708 242 3779 i.
