2280 3926
4 168 7 271 f
97 198 144 264 94,
300 212 446 255 mnsam.
463 210 531 255 oar.
549 200 572 250 1.
591 201 616 253 2.
637 190 676 273 [a.
693 214 724 255 u.
741 215 767 255 c.
783 189 846 275 433]

1 372 5 437 51
54 367 89 421 10
100 378 174 423 mus.
197 361 313 428 iustum
331 367 376 421 est
395 358 521 432 bellum,
544 360 705 431 Samnites,
729 359 836 442 quibus
850 362 1059 434 necessarium,

2 440 3 443 ’
98 452 128 505 ei
140 446 189 524 pia
207 461 306 515 arma,
329 443 435 525 quibus
449 443 528 506 nulla
551 445 608 505 nisi
629 446 661 505 in
677 445 768 505 armis
783 443 961 525 relinquitur
981 461 1061 525 spes.

17 540 22 549 ’
54 535 86 587 11
99 526 225 610 proinde
252 546 319 590 cum
347 545 449 590 rernm
469 527 665 592 humanarum
690 529 851 590 maximum
876 535 1061 590 momentum

95 614 149 683 sit,
171 628 260 692 quam
279 612 416 692 propitiis
439 629 518 681 rem,
540 630 628 693 qnam
649 611 779 673 adversis
800 619 890 691 agant
907 611 977 682 diis,
1004 630 1061 692 pro

96 703 178 759 certo
198 695 305 759 habeta
324 696 426 777 priora
443 693 522 758 bella
542 696 682 758 advorsus
701 695 772 758 deos
787 698 881 775 magis
896 714 985 776 quam
1005 697 1060 758 ho·

94 781 191 843 mines
212 782 354 861 gessisse,
376 781 447 850 hoc,
469 780 550 859 quod
570 781 675 850 instat,
701 779 824 842 ducibus
843 781 915 860 ipsis
937 779 994 870 diis
1008 797 1060 858 ge·

94 871 225 928 sturos.“

67 956 82 1009 1
157 948 193 1010 11.
223 949 303 1010 Haeo
319 965 379 1009 non
392 947 469 1010 laeta
482 948 576 1028 magis
587 966 674 1028 mam
691 966 760 1010 vera
771 949 957 1020 vadoinatus,
973 965 1059 1011 exer·

94 1035 154 1094 citu
169 1032 276 1094 educto
291 1033 370 1093 circa
381 1030 524 1093 Caudium
538 1038 634 1094 castra
647 1049 734 1112 quam
749 1039 848 1112 potest
860 1030 1060 1093 occultissime

67 1114 180 1178 alocat.
204 1114 275 1177 inde
286 1115 323 1177 ad
335 1114 490 1187 Galatiam,
507 1114 629 1203 ubljam
641 1114 776 1178 consules
786 1116 1058 1179 Romanoseastra·

94 1218 151 1280 qne
167 1216 231 1261 esse
249 1198 401 1270 audiebat,
423 1199 531 1262 milites
545 1200 649 1262 decem
669 1208 822 1279 pastorum
843 1199 946 1265 haiim
961 1201 1058 1271 mittit,

92 1300 260 1365 pecoraque
281 1283 413 1345 diversos
431 1282 520 1346 alium
543 1281 612 1347 alibi
632 1283 711 1346 haud
730 1283 835 1363 procul
849 1284 991 1346 Romanis
1005 1301 1057 1364 pas

67 1367 281 1449 astensiuhet
298 1367 469 1449 praesidiis;
492 1366 543 1429 ulii
566 1368 725 1429 inciderint
744 1367 1003 1449 impraedatores,
1026 1375 1059 1428 nt

92 1454 172 1514 idem
189 1451 326 1515 omnibus
343 1470 442 1516 sermo
459 1458 587 1523 constet,
603 1451 735 1532 legiones
746 1450 920 1519 Samnitium
935 1453 966 1513 in
979 1454 1060 1531 dpu-

93 1536 132 1599 lia
145 1554 224 1610 esse,
242 1537 397 1599 Luceriam
408 1535 546 1599 omnibus
561 1538 654 1616 copiis
667 1536 901 1606 circumsedere,
917 1553 972 1597 neo
988 1553 1059 1614 pro·

64 1621 141 1683 deul
162 1621 281 1693 abesse,
303 1623 375 1702 quin
394 1623 423 1682 ri
444 1621 569 1700 capiant.
592 1623 660 1698 ,iam
681 1622 707 1680 is
728 1618 787 1702 [et]
808 1638 913 1681 rumor
935 1627 1004 1703 ante
1020 1619 1059 1680 de
1080 1637 1086 1644 ⁸

91 1707 236 1767 industria
251 1705 382 1784 volgatus
403 1710 523 1767 venerat
538 1702 574 1765 ad
589 1704 760 1774 Romanos,¹
772 1703 823 1765 sed
845 1700 935 1765 iidem
948 1721 1059 1766 auxere

93 1790 199 1867 captiti
216 1807 251 1855 eo
265 1790 406 1858 maxime,
430 1786 509 1867 quod
531 1806 632 1849 sermo
651 1789 730 1848 inter
745 1806 848 1850 omnes
864 1786 1056 1867 congruebat

66 1871 173 1934 ohaud
190 1879 253 1933 erat
267 1872 403 1941 dubium,
428 1873 499 1953 quin
515 1872 669 1937 Lucerinis
689 1889 775 1951 opem
792 1872 942 1935 Romanus
954 1872 1057 1943 ferret,
1137 1948 1138 1951 Ἴ

94 1956 181 2018 bonis
196 1972 231 2018 ac
245 1954 381 2017 fidelibus
400 1957 503 2027 sociis,
526 1955 614 2021 simul
633 1974 671 2016 ne
685 1955 789 2036 Apulia
803 1957 900 2018 omnis
916 1957 952 2018 ed
970 1973 1058 2037 prae·
1131 2026 1136 2033 ,

93 2048 207 2104 sentem
222 2048 368 2102 terrerem
385 2039 538 2102 deiiceret:
555 2059 589 2103 ea
601 2040 705 2111 modo,
723 2059 781 2121 qua
797 2041 891 2112 irent,
909 2039 1057 2102 consulta·
1084 2072 1090 2085 κ
1134 2082 1138 2123 ,3

64 2127 132 2188 otio
147 2126 213 2188 luit.
243 2125 318 2186 duae
339 2124 376 2185 ad
392 2124 547 2186 Luceriam
567 2124 705 2186 terebant
724 2126 804 2194 riae,
825 2123 917 2186 altera
937 2132 1059 2203 praeter
1135 2148 1136 2159 2

93 2229 176 2271 oram
192 2210 292 2290 superi
307 2210 413 2281 maris,
433 2215 539 2288 patens
559 2215 733 2290 apertaque,
755 2208 806 2270 sed
824 2215 934 2289 quanto
954 2209 1059 2277 tutior,
1135 2266 1136 2281 ,

93 2301 174 2355 tanto
190 2294 254 2355 iere
275 2292 409 2372 longior,
433 2291 526 2355 altera
548 2310 602 2372 per
617 2291 748 2355 furculas
762 2292 906 2356 1133111333
926 2291 1058 2359 brevior.
1134 2284 1136 2293 ’

66 2376 147 2439 ised
167 2377 207 2439 itu
224 2384 310 2439 natus
329 2376 412 2438 locus
427 2384 484 2438 est:
508 2375 598 2438 saltus
620 2375 678 2438 duo
694 2375 744 2439 alti
759 2379 876 2456 augusti
898 2375 1059 2456 silvosique

92 2468 176 2532 sunt,
196 2460 347 2523 montibus
360 2463 439 2543 cirea
454 2461 604 2542 perpetuis
618 2462 696 2522 inter
711 2479 743 2522 33
750 2461 858 2536 iuncti.
879 2461 964 2538 jacet
977 2462 1060 2522 inter

92 2564 143 2608 eos
157 2548 227 2608 satis
247 2552 351 2627 patens
366 2544 483 2609 clausus
502 2547 534 2607 in
554 2544 653 2607 medin
667 2563 789 2625 campus
803 2542 945 2606 herbidus
964 2561 1061 2624 aquo·

63 2637 216 2710 dausque,
238 2649 293 2711 per
308 2650 397 2711 quem
413 2630 544 2692 medium
559 2632 617 2691 iter
632 2636 686 2692 est.
715 2629 768 2690 sed
783 2636 941 2709 antequam
955 2630 1062 2690 venias

92 2712 129 2774 ad
151 2731 234 2784 enm,
255 2715 410 2776 intrandae
425 2715 538 2793 primae
554 2714 706 2793 angustiae
726 2719 809 2785 sunt,
831 2719 862 2774 et
875 2719 927 2774 aut
939 2711 1060 2783 eadem,

92 2815 150 2877 qua
164 2803 194 2856 te
207 2798 416 2868 insinuaveris,
437 2806 519 2858 retro
534 2798 581 2858 ria
598 2796 762 2876 repetenda
782 2803 845 2868 aut,
864 2797 949 2858 siire
962 2814 1063 2876 porro

92 2897 213 2961 pergas,
238 2899 293 2960 per
313 2880 402 2942 alium
418 2878 523 2942 saltum
544 2882 684 2943 artiorem
705 2880 972 2962 inpeditioremque
988 2897 1062 2941 eva·

65 2963 233 3026 suendum.
260 2966 292 3026 in
308 2983 376 3027 eum
391 2982 527 3044 campum
542 2966 587 3026 ria
606 2964 662 3026 aiia
680 2983 735 3045 per
752 2983 852 3028 cavam
873 2982 982 3043 rupem·
995 2963 1062 3026 lio·

92 3049 173 3111 mani
183 3048 311 3111 demisso
325 3050 442 3128 agmine
454 3067 521 3111 oum
536 3048 573 3110 ad
587 3048 658 3111 alias
672 3051 821 3149 angustias
835 3050 971 3128 protinus
984 3065 1062 3128 per·

92 3141 213 3213 gerent,
238 3116 353 3215 saepias
373 3116 489 3200 deidctu
508 3124 648 3195 arborum
670 3115 867 3212 saxorumq⁹ue
886 3112 1060 3216 ingentium

92 3200 275 3296 obicientem
289 3201 400 3281 milam
413 3204 564 3281 invenere.
593 3235 661 3278 cum
676 3217 757 3279 iraus
771 3215 885 3278 hostilis
899 3218 1061 3296 apparuis-

51 3303 85 3359 10
94 3306 153 3369 set,
173 3303 352 3378 praesidium
367 3303 454 3364 etiam
475 3302 507 3363 ln
521 3304 637 3364 summo
656 3300 732 3364 saltn
751 3301 942 3380 conspicium.
973 3300 1059 3361 citati

91 3381 162 3443 inde
172 3391 268 3455 retro,
280 3404 337 3466 qua
349 3390 501 3458 'venerant
514 3393 642 3466 pergunt
653 3378 883 3465 repeterentam.
902 3400 967 3447 earn
978 3380 1057 3463 quo·

93 3480 152 3543 quc
172 3464 301 3537 dansom
321 3488 373 3531 sna
395 3469 480 3532 otico
500 3470 649 3550 armisque
668 3471 831 3532 inveniunt
859 3467 968 3529 sistunt
981 3464 1059 3529 inde
