2280 3926
124 230 186 292 150
337 241 431 283 nmnn
445 243 476 283 x.
495 240 564 283 one.
578 229 604 277 2.
617 226 644 278 3.
661 217 701 299 [a.
717 240 747 280 u.
766 240 793 281 c.
806 215 867 300 452]

125 393 235 452 tionem
250 391 367 450 nauum
384 423 423 434 -
441 386 522 449 milia
543 395 641 449 autem
661 384 894 466 quattuordecim
913 382 948 445 ab
968 381 1063 464 oppido

83 482 116 535 10
127 474 229 536 aberat
242 505 285 520 ·—
303 470 399 534 ducta.
416 546 422 553 ,
435 474 467 532 in
482 489 570 533 naves
589 487 693 551 parvas
708 468 878 532 custodibus
897 469 1063 546 interemptis

118 560 251 637 impetus
269 557 379 628 iactus,
405 556 559 634 territique
580 561 686 616 nautae
701 560 848 632 coguntur
860 570 946 614 naves
959 552 988 612 in
1004 550 1063 611 elte-

123 659 189 703 ram
208 643 305 721 ripam
325 640 421 705 amnis
441 640 576 700 traicere.
608 645 638 700 et
660 639 692 699 iu
706 644 786 699 terra
798 653 972 717 prosperum
987 652 1064 714 aeque

123 727 156 786 in
172 724 286 805 palatos
301 722 492 804 praedatores
510 721 657 802 proelium
669 721 789 796 iuerat,
809 718 1065 799 refugientibusque

84 815 113 869 11
128 808 164 870 ad
185 811 341 871 stationem
356 808 476 870 Graecis
490 806 593 867 Veneti
614 804 774 868 obsistunt:
803 806 843 866 ita
863 806 896 865 in
914 803 1006 865 medio
1020 804 1065 862 eir·

125 894 273 954 cumventi
296 892 396 955 hostes
424 892 576 970 caesique3
611 907 681 970 pars
706 889 784 969 capti
807 887 931 951 classem
954 886 1067 948 indicant

82 982 116 1035 12
127 994 288 1056 regemque
314 975 504 1054 Cleonymum
529 974 584 1035 tria
608 973 689 1035 mdia
714 972 826 1036 abesse.
873 971 942 1034 inde
965 971 1067 1051 captivis

124 1063 260 1140 proximo
275 1061 338 1119 vico
357 1057 564 1119 incustodiam
584 1057 659 1118 datis
677 1075 748 1137 pars
767 1054 921 1119 fluviatiles
940 1074 1022 1117 naves
1039 1051 1067 1114 ad

126 1142 291 1222 superanda
311 1141 383 1202 vada
409 1149 581 1219 stagnorum
601 1148 668 1221 apte
690 1140 787 1221 planis
806 1140 897 1202 alveis
920 1139 1066 1206 ruricio,

125 1218 1068 1390 arietillinittitvastldtdt‘nitimini

85 1400 117 1452 13
128 1393 265 1455 timentes
280 1392 515 1464 circumvadunt,
528 1392 732 1472 fugientesque
745 1394 777 1453 in
790 1391 882 1454 altum
894 1394 988 1454 acrius
998 1406 1068 1470 mem

125 1485 327 1557 repugnantes
346 1495 440 1557 usque
460 1475 497 1538 ad
513 1478 620 1538 ostium
642 1476 736 1537 amnis
756 1479 907 1556 persecuti
918 1476 1006 1555 captis
1019 1473 1068 1552 qul·

126 1559 251 1624 busdam
271 1563 459 1641 incensisque
478 1559 600 1622 navibus
619 1558 762 1629 hostium,
786 1578 860 1640 quas
881 1555 1069 1639 trepidatioin

85 1652 118 1703 14
128 1645 201 1707 vada
212 1644 365 1716 intulerat,
381 1647 506 1707 victores
516 1651 714 1705 revertuntur.
743 1642 1070 1723 Cleonymusrixquinta

125 1738 211 1808 parte
223 1730 339 1791 narium
353 1727 496 1790 ineolumi
511 1726 590 1789 nulla
605 1729 727 1806 regiona
740 1728 832 1789 maris
843 1727 1003 1790 Hadriatici
1015 1741 1069 1806 pro·

126 1830 213 1891 spere
234 1811 312 1873 adita
332 1811 474 1874 discessit.
511 1818 608 1873 rostra
630 1812 747 1872 navium
768 1811 923 1891 spoliaque
942 1812 1070 1873 Lucanum

126 1896 159 1956 iu
182 1893 255 1956 aede
272 1893 394 1956 lunonis
414 1897 507 1955 reteri
528 1895 585 1957 lixa
605 1895 691 1956 multi
707 1903 866 1975 supersunt
883 1898 936 1976 qui
954 1893 1071 1956 viderunt

85 1984 118 2037 15
128 1978 237 2039 Patavi.
267 1986 490 2039 monumentum
505 1979 615 2041 navalis
632 1996 749 2059 pugnae
765 1997 801 2040 eo
817 1980 879 2050 dia,
904 1999 961 2060 quo
977 1992 1070 2058 pugua-

126 2070 190 2124 tum
205 2068 263 2132 est,
279 2063 435 2141 quotannis
449 2061 585 2124 sollemni
600 2064 762 2125 certamine
777 2065 896 2125 numum
916 2066 956 2125 in,
968 2060 1069 2123 flumme

127 2146 228 2227 oppidi
242 2145 340 2207 medio
354 2153 518 2207 exercetur.
804 2198 809 2205 ,

100 2238 114 2288 1
189 2230 238 2291 ΠΙ.
267 2229 379 2291 Eodem
394 2248 473 2290 anno
487 2230 597 2292 Romae
611 2248 678 2291 cum
692 2232 819 2292 Vestinis
834 2230 1002 2311 petentibus
1013 2227 1069 2288 ami·

99 2315 226 2375 scitiam
241 2317 333 2376 ictum
348 2320 393 2387 est
407 2313 521 2376 ioedus.
550 2312 704 2391 multiplex
720 2313 826 2376 deiude
841 2323 964 2382 eronus
978 2323 1067 2376 terror.

128 2398 275 2459 Etruriam
290 2395 435 2459 rebellare
452 2398 489 2458 ab
499 2398 705 2459 Arretinorum
720 2397 915 2461 seditionibus
926 2406 1004 2460 motu
1018 2398 1069 2454 orte

126 2480 332 2554 nuntiabatur,
347 2480 399 2543 ubi
415 2480 541 2543 Cilnium
557 2497 650 2557 genus
663 2489 842 2561 praepotens
861 2482 1023 2545 divitiarum
1035 2479 1069 2536 in·

127 2565 203 2629 vidia
223 2564 294 2645 pelli
315 2567 405 2628 armis
418 2574 572 2645 coeptum,
595 2564 682 2626 simul
695 2566 807 2626 Marsos
828 2584 933 2645 agrum
955 2568 983 2627 vi
999 2559 1068 2626 tucri

126 2651 158 2710 in
179 2669 267 2730 quem
289 2649 405 2712 colonia
427 2648 557 2712 Carseoli
576 2649 701 2710 deducta
725 2657 789 2710 erat
808 2657 946 2730 quattuor
967 2644 1068 2712 milibus

100 2733 281 2793 thomiuum
295 2736 422 2812 seriptis.
454 2737 553 2813 itaque
565 2741 688 2812 propter
708 2750 759 2795 eos
778 2733 922 2796 tumultus
940 2725 1067 2795 dicustl

127 2814 260 2876 Valerius
278 2814 421 2876 Maximus
441 2816 566 2877 dictator
590 2818 764 2896 magistrum
786 2819 917 2899 equitum
940 2818 995 2879 sibi
1012 2809 1068 2887 legit

99 2898 166 2960 ild.
184 2896 338 2959 bemiIium
358 2898 490 2961 Paulum.
518 2900 549 2959 id
569 2902 663 2979 magis
685 2901 790 2972 credo,
810 2922 897 2982 quam
913 2903 949 2975 Q.
964 2898 1067 2962 Fabium

128 3001 163 3045 ea
184 2988 280 3043 aetate
303 2989 390 3062 atque
415 2984 458 3042 eis
475 2981 638 3044 honoribus
658 2983 781 3047 Valerio
801 2986 982 3055 subiectum
1006 2985 1063 3042 cete

127 3085 195 3130 rum
208 3084 245 3128 ex
255 3065 374 3128 Memmi
386 3069 561 3146 cognomine
577 3075 675 3129 ortum
689 3085 822 3131 errorem
832 3070 911 3132 haud
922 3063 1065 3132 manum

98 3152 277 3230 bproiectus
292 3151 416 3212 dictator
431 3171 499 3213 cum
515 3154 645 3214 exercitu
659 3151 773 3230 proelio
785 3171 844 3215 uno
855 3153 967 3216 Marsos
978 3143 1066 3212 fundit

129 3232 278 3312 conpulsis
301 3235 407 3296 deinde
426 3238 458 3296 in
479 3234 570 3298 urbes
597 3236 724 3297 munitas
744 3236 903 3300 Milioniam
926 3233 1067 3298 Plestintm

128 3313 279 3376 Fresiliam
300 3321 378 3379 intra
394 3318 456 3381 dies
470 3337 581 3400 paucos
597 3322 689 3399 cepit,
718 3327 748 3381 et
766 3330 850 3402 parte
871 3322 934 3400 agri
955 3309 1068 3380 mutate

29 3464 32 3467 ¹
99 3394 232 3454 oniensis
248 3397 350 3460 lcedus
370 3405 506 3464 restituit.
541 3411 605 3466 tum
625 3405 657 3464 in
671 3403 810 3467 Etruscos
830 3422 947 3467 versum
964 3397 1067 3464 hedum

21 3484 35 3529 i·
129 3481 243 3536 etcum
260 3477 385 3543 dictator
404 3487 603 3565 auspiciorum
616 3489 846 3567 repetendorum
862 3496 948 3553 causa
967 3480 1068 3566 proice·

21 3528 72 3721 l,
