2350 3922
131 213 193 275 324
320 227 413 267 uraca
427 227 516 268 xxur.
536 225 604 267 oar.
623 211 650 267 b.
661 213 687 265 7.
702 202 741 286 [a.
755 229 785 267 u.
801 228 827 267 o.
840 203 903 287 538]

130 374 245 453 legibus
266 374 411 443 facturos,
436 390 532 450 neque
554 375 783 434 controversiam
804 372 883 442 lore,
907 374 995 452 quin,
1020 391 1094 436 cnm

130 460 193 537 ipse
214 459 349 518 conlecto
369 456 446 517 bello
469 457 615 518 Hannibal
641 459 733 518 victor
756 458 787 517 lu
811 456 939 517 Alrioam
965 456 1094 519 decedat

131 543 351 622 exercitumque
368 542 518 618 deportet,
537 541 635 602 ltaliae
655 542 812 620 imperium
827 540 981 621 Campanis
996 539 1091 602 relin-

103 632 246 704 dquatur.
277 627 351 687 baec
366 624 461 685 Virrio
476 624 608 704 loquenti
618 624 734 685 adsensi
747 642 850 685 omnes
860 625 901 684 ita
917 626 1093 686 renuntiant

131 709 321 787 legationem,
339 710 381 769 uti
394 707 521 770 deletum
537 708 673 770 omnibus
688 708 838 769 rideretur
855 726 965 769 nomen
979 707 1091 769 Roma·

102 801 210 854 trium.
243 792 389 872 extemplo
407 792 509 871 plebes
531 792 567 853 ad
583 792 778 854 delectionem
793 810 828 852 ao
847 809 917 872 pars
930 794 1026 853 maior
1041 810 1090 853 se·

104 883 217 937 enatus
237 886 385 955 spectare3
414 883 544 938 extracta
564 885 663 936 tamen
693 875 915 937 auctoritatibus
936 878 1090 937 seniorum

130 978 185 1039 per
195 979 305 1040 paucos
316 960 378 1021 dies
390 969 434 1021 est
445 978 502 1022 res.
528 967 679 1040 postremo
693 961 783 1020 vincit
790 962 935 1020 sententia
948 959 1089 1038 plurium,

130 1053 164 1105 nt
177 1044 256 1104 idem
268 1043 369 1122 legati,
386 1044 436 1121 qui
448 1044 484 1103 ad
496 1043 647 1104 consulem
658 1043 823 1105 Romanum
833 1046 942 1112 ierant,
959 1043 996 1104 ad
1007 1044 1089 1104 llan-

101 1126 257 1188 doibalem
278 1129 475 1186 mitterentur.
511 1145 570 1205 quo
590 1129 760 1206 priusquam
783 1129 890 1197 iretur,
914 1134 1089 1207 certumque

129 1210 301 1271 deiectionis
315 1209 469 1271 consilium
485 1218 576 1281 esset,
591 1210 715 1272 Romam
729 1210 840 1289 legatos
851 1212 957 1272 missos
971 1229 989 1271 a
1003 1211 1087 1272 Cam·

128 1294 212 1373 panis
224 1295 255 1353 in
266 1293 440 1372 quibusdam
456 1293 609 1355 annalibus
623 1296 738 1354 invenio
753 1292 950 1374 postulantes,
968 1302 1002 1355 ut
1013 1294 1088 1354 alter

129 1377 232 1439 consul
244 1378 409 1457 Campanus
419 1379 517 1450 beret,
533 1380 558 1439 si
574 1396 638 1438 rem
648 1378 812 1439 Romanam
827 1378 957 1439 adiuvari
968 1377 1085 1438 vellent.

100 1469 115 1519 7
128 1461 330 1541 indignatione
341 1471 405 1524 orta
416 1462 609 1524 submoveria
621 1463 700 1522 ouria
716 1463 811 1523 iussos
828 1481 891 1523 esse
906 1464 1086 1542 missumque

129 1545 277 1618 lictorem,
294 1547 345 1626 qui
361 1565 397 1607 ex
413 1546 488 1607 mbo
503 1546 644 1607 educeret
663 1564 716 1606 eos
741 1554 828 1627 atque
848 1565 883 1608 eo
902 1546 949 1606 die
965 1563 1085 1606 manere

100 1637 212 1690 sextra
227 1632 295 1691 linis
308 1631 457 1692 Romanos
477 1630 602 1691 iuberet.
641 1632 707 1709 quia
728 1631 816 1691 nimis
834 1648 946 1710 conpar
967 1629 1085 1690 Latino·

128 1731 195 1774 rum
212 1714 360 1793 quondam
381 1714 537 1793 postulatio
556 1722 633 1782 erat,
652 1711 824 1794 Coeliusque
845 1722 874 1775 et
893 1712 943 1774 alii
962 1712 993 1772 id
1008 1712 1083 1773 haud
1166 1758 1167 1767 ,

127 1798 190 1856 sine
213 1815 299 1858 causa
319 1800 581 1875 praetermiserant
602 1799 771 1876 scriptores,
793 1816 905 1877 ponere
925 1814 981 1876 pro
1004 1806 1084 1857 certo

127 1897 191 1938 sum
206 1882 323 1938 veritus.
829 1917 833 1923 -

99 1968 114 2017 1
188 1960 247 2021 Vll.
279 1962 382 2038 Legati
402 1962 439 2022 ad
459 1964 653 2025 Hannibalem
672 1973 816 2027 venerunt
833 1982 996 2045 pacemque
1017 1983 1084 2026 cum

127 2062 162 2104 eo
176 2043 398 2105 condicionibus
409 2047 614 2118 disiecerunt,
632 2051 746 2126 nequis
759 2049 1083 2128 imperaturmagistra·

127 2137 208 2189 tusre
223 2129 392 2190 Poenorum
413 2129 459 2188 ius
475 2128 567 2190 ullum
590 2134 622 2191 in
643 2132 735 2192 civem
752 2132 932 2211 Campanum
953 2133 1083 2203 haberet,

98 2220 199 2273 tuere
216 2213 286 2272 ciris
300 2212 465 2291 Campanus
478 2214 585 2276 invitus
600 2214 739 2275 militaret
752 2232 895 2276 munusve
911 2217 1036 2285 laceret:
1054 2225 1084 2277 ut
1164 2238 1165 2263 ι

125 2315 195 2358 suae
213 2294 307 2375 leges,
322 2297 367 2356 sui
381 2297 568 2375 magistratus
585 2299 699 2378 Capuae
711 2308 821 2366 essent;
837 2307 871 2358 ut
885 2307 1033 2361 trecentos
1050 2318 1083 2360 ex
1164 2268 1165 2359 l

125 2378 266 2439 Romanis
281 2382 401 2458 captivis
414 2380 531 2440 Poenus
547 2381 631 2443 daret
641 2383 809 2461 Campanis,
822 2400 897 2461 quos
910 2384 967 2462 ipsi
982 2384 1082 2462 elegis·
1163 2450 1164 2455 η

126 2471 206 2533 sent,
235 2480 303 2523 cnm
323 2463 429 2541 quibus
450 2466 580 2543 equitum
601 2466 831 2544 Campanorum,
857 2468 908 2545 qui
933 2470 965 2527 in
985 2467 1082 2528 Sicilia

98 2544 270 2624 estipendia
286 2547 432 2618 lacerent,
455 2551 632 2625 permutatio
647 2549 739 2608 ficret.
770 2550 843 2609 haec
854 2558 955 2628 pacta;
976 2550 1025 2612 illa
1040 2552 1081 2610 in·

126 2648 229 2708 super,
243 2648 330 2708 quam
339 2648 412 2709 qnae
423 2640 611 2709 pactaerant,
624 2631 753 2692 facinora
762 2633 902 2712 Campani
914 2633 1080 2696 ediderunt:
1162 2686 1163 2697 ,

126 2730 194 2772 nam
220 2713 387 2792 praefectos
408 2716 520 2774 socium
541 2716 667 2794 civisque
688 2716 836 2777 Romanos
859 2716 948 2789 alios,
978 2721 1081 2799 partim
1162 2700 1163 2777 l

126 2795 223 2873 aliquo
237 2794 357 2857 militiae
373 2815 497 2857 munere
511 2807 682 2878 occupatos,
703 2801 810 2879 partim
825 2803 945 2880 privatis
963 2804 1081 2883 negotiis
1161 2870 1162 2877 ἵ

126 2877 287 2956 inplicitos,
309 2879 392 2957 plebs
407 2890 530 2959 repente
548 2885 643 2942 omnis
658 2883 876 2963 conprehensos
891 2886 971 2948 velut
989 2894 1080 2948 custo·

126 2962 191 3021 diae
208 2979 294 3022 eausa
315 2961 428 3021 balneis
447 2962 558 3024 includl
579 2967 676 3037 iussit,
697 2967 749 3028 ubi
768 2967 882 3028 fervore
901 2977 989 3050 atque
1004 2979 1081 3032 aestu

126 3048 222 3107 anirna
235 3044 394 3107 interclusa
405 3045 523 3110 foedum
538 3050 570 3108 iu
584 3050 704 3113 modum
720 3053 898 3129 expirarent.

97 3139 115 3185 e
187 3129 228 3190 Ea
242 3130 407 3200 uellerent,
425 3148 482 3190 neu
498 3130 604 3210 legatio
617 3134 783 3195 mitteretur
794 3135 831 3194 ad
845 3136 994 3207 Poenum,
1005 3155 1080 3198 sum·
1160 3104 1161 3197 l

125 3227 172 3268 ma
188 3229 243 3288 ope
257 3213 362 3273 Decius
375 3214 500 3292 Magius,
523 3218 580 3286 vir,
606 3218 654 3276 cui
669 3218 705 3277 ad
720 3236 863 3280 summam
881 3224 1081 3282 auctoritatem

97 3292 197 3348 tnihil
212 3304 330 3369 praeter
345 3315 446 3356 sanam
462 3300 568 3359 civium
583 3297 710 3367 mentem
728 3302 831 3364 deluit.
856 3306 1015 3365 restiterat,
1052 3313 1081 3363 ut
1159 3332 1160 3337 1

125 3389 195 3429 vero
205 3378 383 3448 praesidium
390 3381 467 3440 mitti
473 3381 509 3439 ab
517 3381 679 3444 Hannibale
685 3385 800 3455 audivit,
812 3386 918 3466 Pyrrhi
925 3386 1081 3466 superbam
1159 3380 1160 3405 ³

126 3450 354 3547 dominationem
380 3463 636 3544 miserabilemque
658 3467 886 3532 Tarentinorum
912 3472 1078 3532 servitutem
