2350 3922
407 68 408 71 ¹
823 72 833 82 ,ι
942 68 946 77 ι

658 98 664 107 ’
706 102 724 130 ,ζιλ
791 71 818 149 ’ἵ
851 103 858 113 ι
882 116 885 127 q
897 124 899 130 k
943 84 959 130 ‘tq
1031 124 1033 131 Ι

447 130 451 147 l
483 162 485 165 Ι
559 142 560 145 ι
582 133 590 163 '¹
627 149 630 155 Ι
678 160 681 165 ἡ
708 150 719 161 y
751 130 778 147 Ν
833 142 840 171 ι’
913 160 917 167 .
950 136 955 149 ι
1035 140 1040 147 ι

550 168 552 173 .
589 172 592 175 ς
709 166 719 177 ,υ

551 184 555 201 ι
625 180 629 197 ἰ
709 178 713 191 ¹

1069 116 1073 124 ι

1064 134 1067 142 ¹
1151 142 1152 145 ,

1062 172 1066 181 Ρ
1151 170 1152 173 ,

1151 212 1152 219 ι

1063 188 1074 237 l
1151 228 1152 239 ,

228 259 322 302 omne
337 261 414 302 xxu.
431 261 499 303 oar.
516 251 560 302 ιι.
576 242 619 302 ιι.
630 240 677 322 ιιι.
697 192 731 303 ὁ
747 241 806 323 ιιι]
936 247 998 308 303
1071 234 1082 276 '³

58 403 192 467 Gallorum
208 406 463 506 Hispanorumque
482 406 596 470 laevum
619 426 712 469 cornu
728 426 794 468 curn
817 409 919 475 dextro
938 409 996 469 llo·
1054 402 1062 489 ξ
1151 466 1152 469 ,

57 493 304 560 monoconcnrrit,
319 493 690 571 minimeeqnestrismore
706 509 836 570 puzgnae
852 492 1062 553 montibusa
1056 494 1063 569 l
1151 492 1152 527 ³

56 573 122 632 enim
142 574 269 634 adversis
291 576 528 636 concurrendum
553 585 630 644 erat,
660 576 728 655 quia
754 574 834 635 nullo
856 577 934 636 circa
961 577 996 635 ad
1057 592 1065 657 ι
1151 578 1152 657 J

57 658 221 734 evagandum
236 658 339 719 relicto
352 661 445 738 spatio
466 660 536 720 binc
553 661 661 731 amnia,
685 659 755 719 hinc
774 659 903 739 peditum
921 659 997 719 acies
1049 698 1057 741 ι
1151 702 1152 705 ,

55 737 221 802 claudebant.
257 743 289 802 in
306 742 457 803 derectum
480 745 627 843 utrimque
652 745 779 804 nitentes
798 743 941 804 stantibus
963 744 1068 819 ιοθῇς
1151 814 1152 817 ς

55 825 179 884 confertis
199 834 349 904 postremo
377 825 462 886 turba
486 829 569 907 equis
589 829 747 888 virricum
772 826 923 906 amplexus
945 826 995 886 de·
1151 834 1152 857 ι

55 907 173 970 trahebat
195 928 280 989 equo.
315 910 453 1008 pedestre
474 913 659 997 magnaiam
682 918 821 990 exparte
847 918 996 971 certamen
1049 918 1060 991 ᾗ
1151 914 1152 995 ζ

54 990 147 1052 lictum
168 1001 245 1062 erat;
272 995 368 1054 acrius
391 1002 491 1054 tamen
511 1013 599 1075 quam
609 986 731 1059 diutius
758 1003 919 1073 pugnatum
942 1000 994 1062 est,
1151 1016 1152 1021 ¹

53 1073 171 1155 pulsique
192 1078 317 1138 Romani
342 1079 454 1156 equites
482 1086 563 1158 terga
590 1087 716 1140 vertunt.
772 1078 826 1140 sub
850 1071 1058 1169 ιιιιιιιιιιιιι

22 1190 23 1195 ·
52 1157 126 1220 inem
144 1162 313 1223 certaminis
327 1169 485 1224 coortacst
501 1163 631 1241 peditum
646 1180 758 1243 pugna,
773 1164 870 1242 primo
886 1163 994 1223 etviri·
1151 1160 1152 1165 ’

22 1260 23 1263 ¹
52 1239 96 1302 bus
110 1253 137 1304 et
151 1247 257 1306 animis
277 1263 345 1323 par,
368 1245 436 1305 dum
458 1246 631 1307 constabant
652 1247 770 1307 ordines
785 1245 874 1308 Gallis
890 1234 994 1325 llispa·
1044 1230 1063 1298 ⁷¹?

52 1327 154 1423 ιιιιιιιιι;
172 1329 292 1390 tandem
304 1329 443 1399 Romani,
460 1329 509 1389 diu
522 1347 556 1389 ac
569 1347 657 1408 saepe
668 1347 775 1398 conisa
794 1348 886 1408 aequa
897 1328 1063 1397 frontet

52 1411 155 1491 acieque
176 1413 269 1474 densa
294 1412 429 1490 inpulere
455 1412 581 1473 hostium
610 1430 736 1473 cuneum
765 1414 852 1473 nimis
876 1420 993 1472 tenuem
1056 1418 1065 1435 ³⁴

51 1510 129 1592 eoque
143 1514 250 1575 parum
265 1496 407 1565 validum,
423 1515 438 1556 a
454 1505 551 1557 cetera
566 1498 782 1575 prominentem
797 1498 868 1557 acie.
899 1493 1025 1573 inpul-tt
1151 1508 1152 1511 ¹

50 1579 82 1638 sis
99 1579 199 1641 deinde
222 1597 260 1642 ac
285 1580 400 1659 trepide
428 1579 627 1641 referentibus
647 1579 753 1657 pedem
779 1581 931 1648 insistere,
959 1595 994 1637 ac

49 1666 138 1724 tenore
149 1684 206 1726 uno
220 1682 280 1744 per
293 1681 436 1743 praeceps
451 1683 559 1743 pavore
576 1663 749 1743 fugientium
765 1679 869 1741 agmen
885 1664 916 1722 in
933 1678 993 1721 me·
1151 1726 1152 1729 ς

50 1743 113 1807 diam
131 1752 262 1828 primum
283 1748 376 1808 aciem
395 1747 478 1808 inlati
504 1756 655 1847 postremo
678 1746 758 1808 nullo
784 1748 938 1811 resistente
958 1743 1048 1804 ad

50 1828 162 1893 subsidia
175 1834 316 1893 dirorum
332 1840 544 1910 pervenerunt,
567 1834 617 1912 qui
632 1832 779 1930 utrimque
794 1830 923 1892 reductis
943 1829 1053 1890 ιιιιιέ·

50 1918 244 1985 constiterant,
269 1915 380 1982 media,
403 1932 458 2012 qua
474 1915 549 1977 Galli
564 1908 744 1996 Hispanique
761 1922 918 1986 steterant,
943 1913 994 1974 ali·
1006 1890 1051 2053 δι

49 2007 174 2073 quantum
191 2000 382 2080 prominente
398 2000 469 2060 acie.
501 2002 550 2080 qui
567 2018 676 2061 cuneus
692 2009 723 2060 ut
742 1999 843 2078 pulsus
864 1999 1024 2079 aequarit&

47 2077 160 2145 frontem
183 2087 331 2163 primum,
362 2082 431 2143 dein
453 2082 584 2163 cedendo
608 2082 694 2145 etiam
718 2085 814 2144 sinum
838 2085 868 2142 in
896 2081 1001 2141 medio
1037 2087 1047 2139 ι

48 2161 127 2236 dedit,
146 2168 209 2228 Alri
228 2168 307 2226 circa
326 2168 384 2227 iam
400 2182 511 2228 cornua
526 2167 670 2237 fecerant,
690 2166 933 2244 inruentibusque
950 2166 993 2227 in·
1038 2180 1045 2233 ι

47 2257 119 2311 caute
134 2253 164 2312 in
180 2250 313 2314 medium
323 2250 462 2310 Romanis
478 2251 699 2310 circumdedere
712 2249 786 2318 alas;
802 2267 871 2310 mox
883 2265 993 2307 cornua
1038 2308 1048 2327 P

48 2336 219 2396 extendendo
240 2335 371 2396 clausere
387 2340 416 2393 et
431 2334 467 2394 ab
483 2339 567 2412 tergo
583 2334 683 2393 bostis
716 2334 785 2392 binc
801 2332 924 2392 Romani
945 2331 993 2390 de·
1005 2335 1046 2385 n

48 2412 128 2480 luncti
150 2420 329 2500 nequiquam
355 2417 469 2497 proelio
489 2435 564 2488 uno,
596 2417 711 2477 omissis
733 2414 822 2477 Gallis
842 2415 993 2494 Hispanis·
1042 2446 1050 2489 ι

46 2516 110 2577 que,
125 2522 251 2583 quorum
268 2511 351 2581 terga
362 2502 543 2571 cecrderant
561 2508 589 2560 et
604 2499 742 2561 adversus
753 2499 842 2559 Afros
838 2501 992 2575 mtegram

45 2599 162 2663 pugnam
187 2591 306 2656 ineunt
332 2603 391 2646 non
414 2592 527 2646 tantum
553 2603 588 2645 eo
615 2585 759 2662 imquam,
786 2581 863 2662 qnod
888 2570 1053 2657 inclusittj

46 2667 183 2750 adversus
191 2671 400 2751 circumfusos,
422 2668 473 2730 sed
493 2671 579 2729 etiarn
592 2667 671 2746 quod
692 2666 761 2727 lessi
777 2683 843 2726 cum
866 2667 992 2725 redenti-

45 2747 93 2812 bus
107 2773 140 2814 ac
154 2755 265 2830 vegetis
277 2753 455 2834 pugnabant
967 2712 1109 2841 &ps

96 2834 218 2899 xnmn
251 2834 312 2897 lam
328 2842 357 2898 et
370 2838 489 2897 sinistro
501 2854 593 2896 cornu
607 2834 760 2905 Romanis,
780 2833 830 2894 ubi
845 2830 1056 2937 sociorumlq
1151 2836 1152 2899 ἶ

45 2922 148 2995 equites
169 2922 310 2982 adversus
325 2919 465 2982 Numidas
484 2926 640 2989 steterant,
660 2925 828 2980 consertum
849 2917 1094 3016 proeliurqw,
1151 2918 1152 2921 ’

44 3010 113 3072 erat,
131 3023 222 3083 segne
236 3023 333 3083 primo
347 3010 377 3064 c
388 3023 403 3064 a
364 3004 528 3065 Punica
544 3011 678 3082 coeptum
699 3003 811 3063 iraude.
842 2936 1152 3113 quingenti2}

43 3080 129 3146 lanne
143 3086 304 3158 Numidae,
327 3094 446 3166 praeter
464 3086 549 3149 solita
569 3105 649 3147 arma
671 3085 786 3165 telaque
807 3085 918 3164 gladios
943 3102 993 3144 oo·
1031 3106 1049 3165 ι

44 3167 97 3228 cult
85 3179 130 3231 tos
150 3172 206 3231 sub
220 3172 320 3232 loricis
339 3170 496 3242 habentes,
517 3172 614 3250 specie
634 3171 851 3247 transfugarum
872 3187 938 3229 crim
956 3167 992 3227 ab
1029 3169 1047 3257 ι

42 3252 95 3312 suis
117 3273 236 3332 parmas
256 3264 323 3335 post
342 3263 423 3334 terga
451 3218 594 3315 habentes
614 3254 842 3334 adequitassent,
872 3257 1047 3351 ιιιιιιιιιθιι

42 3349 73 3392 ιιι
86 3338 326 3420 eqnisdesiliunt,
344 3341 552 3418 parmisqueet
541 3337 667 3399 tiaculis
678 3346 745 3398 ante
759 3335 848 3416 pedes
863 3337 938 3396 host
918 3344 991 3397 trum
1029 3330 1042 3399 i

40 3420 174 3490 proiectis
200 3423 230 3482 iu
257 3425 385 3484 mediam
407 3424 499 3482 aciem
525 3424 638 3501 accepti
659 3422 735 3483 duct
715 3426 795 3502 taque
819 3421 854 3481 ad
874 3421 993 3482 ultimos
1025 3410 1050 3563 ἰ

40 3495 193 3565 considere
213 3507 249 3567 ab
270 3517 353 3586 tergo
373 3504 522 3566 iubentur
543 3520 590 3566 ac
611 3506 679 3566 dum
687 3504 841 3586 proellum
858 3505 893 3566 ab
914 3500 1043 3617 emnil
