2280 3926
118 249 177 310 152
233 264 365 304 nisnux.
382 263 450 305 can.
467 252 494 303 4.
510 249 536 303 5.
553 240 594 323 [a.
610 265 640 305 u.
656 264 682 304 c.
700 250 759 304 452.
777 240 865 321 (453.)
879 240 940 322 454]

77 415 107 468 12
119 415 178 470 tem
195 407 232 468 ad
246 417 436 489 conspectum
449 409 580 495 undique
600 424 736 489 campum
757 408 869 488 prolata
892 410 979 487 signa.
1002 409 1057 469 risa

115 491 212 569 legato
227 493 322 553 maior
336 494 430 564 acies,
458 512 545 573 quam
561 510 635 573 quae
653 494 689 554 ab
704 510 756 553 suo
771 492 916 573 praesidio
935 492 1058 554 sustineri

118 582 227 655 posset.
253 578 351 657 itaque
364 595 493 658 propere
509 577 544 637 ad
561 577 734 638 dictatorem
750 575 855 638 auxilia
869 579 988 639 accitum
1001 577 1057 635 mit·

89 661 163 725 ltit:
189 661 304 722 interea
325 662 388 741 ipse
416 664 542 741 impetus
563 661 691 721 hostium
712 662 846 721 sustinet.
894 658 926 721 V.
963 659 1059 721 Nuntio
1118 682 1119 725 f

89 742 212 805 2adlato
232 744 357 806 dictator
380 746 462 824 signa
486 745 558 805 lerri
577 762 611 804 ac
632 747 715 824 sequi
737 744 818 805 iubet
841 752 975 806 armatos.
1016 741 1059 802 sed

116 827 261 890 celeriora
289 846 384 909 prope
409 829 508 889 omnia
536 830 662 907 imperio
688 835 786 898 erant;
816 836 900 906 rapta
928 825 1060 905 extemplo

115 914 199 991 signa
210 930 365 992 armaque,
383 920 413 972 et
423 913 470 971 rix
481 910 518 972 ab
529 915 642 990 impetu
653 918 683 973 et
694 930 782 973 cursu
792 911 977 973 tenebantur.
1004 927 1057 969 con

116 999 162 1058 ira
172 996 223 1057 ab
243 1004 363 1075 accepta
383 1012 480 1075 nuper
496 994 879 1067 clodesindam-mm
903 995 1061 1056 concitatior

89 1080 255 1141 caecidens
276 1077 388 1139 clamor
411 1079 448 1140 ab
472 1065 657 1140 increscente
684 1080 856 1145 certamine
897 1085 1004 1157 urgent
1017 1078 1063 1136 ita.

65 1187 71 1197 ·
116 1181 174 1243 quc
203 1162 252 1222 alii
280 1162 352 1223 alios
385 1163 601 1243 hortanturque
628 1164 799 1242 signileros,
830 1171 864 1224 ut
891 1165 971 1225 ocius
996 1166 1060 1222 eant.

116 1265 174 1326 quo
190 1248 284 1325 magis
304 1246 476 1308 festinantes
494 1247 574 1307 videt
592 1245 731 1318 dictator,
753 1267 787 1309 eo
808 1248 961 1327 inpensius
977 1252 1062 1306 reten-

88 1337 159 1391 stat
172 1346 278 1409 agmen
294 1348 327 1390 ac
342 1333 451 1391 sensim
465 1331 605 1392 incedere
620 1330 711 1391 iubet.
743 1332 860 1393 Etrusci
876 1338 977 1393 contra
992 1328 1059 1409 prin-

118 1415 195 1494 cipio
218 1416 306 1475 exciti
330 1430 447 1494 pugnae
469 1414 607 1477 omuibus
633 1416 725 1495 copiis
751 1415 883 1477 aderant
936 1422 965 1475 et
986 1426 1062 1490 snper

117 1498 189 1560 alios
214 1497 264 1559 alii
289 1500 426 1560 nuntiant
450 1498 586 1559 dictatori
609 1516 713 1559 omnes
733 1499 866 1577 legiones
886 1498 1061 1559 Etruscomm

118 1583 279 1663 capessisse
292 1601 422 1663 pugnam
440 1601 496 1644 nec
511 1584 569 1644 iam
584 1582 621 1643 ab
641 1583 701 1644 suis
722 1584 819 1643 resisti
840 1600 943 1663 posse;
966 1581 1063 1658 etipse

117 1669 212 1727 cernit
225 1685 262 1728 ex
276 1669 430 1744 superiore
441 1666 523 1736 loco,
542 1668 575 1725 in
590 1674 699 1745 quanto
710 1667 883 1728 discrimine
900 1662 1061 1747 praesidium
1089 1668 1091 1673 ’

89 1757 204 1811 desset.
248 1756 380 1810 ceterum
406 1751 476 1810 satis
501 1750 594 1810 fretus
616 1768 680 1810 esse
706 1752 794 1811 etiarn
823 1768 905 1812 nuuc
927 1744 1064 1811 tolerando

116 1833 270 1893 certamIni
284 1830 427 1910 legatum,
443 1850 498 1904 nec
509 1850 540 1892 se
556 1831 660 1912 procul
672 1833 775 1896 abesse
786 1834 915 1914 periculi
925 1833 1061 1894 uindicem,

115 1932 202 1994 quam
218 1916 346 1976 maxime
361 1914 421 1976 vult
441 1916 558 1995 fatigari
577 1918 708 1988 hostem,
730 1925 764 1979 ut
781 1919 911 1996 integris
932 1915 1064 1978 adoriatur

87 1998 227 2059 oviribus
238 1998 342 2060 fessos.
372 2016 548 2080 quamquam
567 2000 646 2062 lente
657 2000 837 2081 procedunt,
854 2003 916 2063 iam
933 2009 1025 2062 tamen
1034 1992 1063 2056 atl

115 2085 249 2161 inpetum
262 2082 456 2162 capiundum,
469 2086 562 2164 equiti
572 2087 688 2163 utique,
704 2085 853 2148 modicum
865 2093 932 2148 erat
942 2084 1061 2165 spatium

114 2168 211 2246 prima
229 2166 409 2229 incedebant
429 2170 512 2249 sigua
532 2168 697 2248 legionum,
721 2168 844 2249 nequid
865 2168 1011 2231 occultum
1023 2166 1063 2224 aui

115 2252 303 2331 repentinum
317 2252 411 2313 hostis
424 2254 559 2321 timeret;
581 2253 634 2314 sed
651 2252 810 2332 reliquerat
825 2251 978 2316 intervalla
998 2249 1061 2309 inter

117 2336 237 2395 ordines
257 2335 404 2415 peditum,
426 2355 483 2417 qua
500 2338 570 2397 satis
584 2335 649 2397 laxo
665 2338 759 2416 spatio
775 2339 845 2417 equi
863 2336 997 2417 permitti
1007 2348 1061 2412 pos·

87 2426 191 2480 esent.
226 2419 339 2499 pariter
358 2420 476 2481 sustulit
497 2419 654 2480 clamorem
683 2421 761 2482 acies
787 2428 816 2482 et
836 2423 962 2482 emissus
987 2426 1062 2495 eques

115 2501 210 2564 libero
228 2520 318 2564 cursu
330 2504 362 2564 in
376 2502 493 2565 hostem
508 2503 655 2564 invehitur
674 2505 927 2584 inconpositisque
941 2504 1063 2565 adversus

87 2594 282 2668 sequestrem
297 2587 458 2668 procellam
473 2587 600 2649 subitum
616 2605 756 2668 pavorem
773 2589 907 2650 offundit.
939 2589 1028 2664 itaque
1037 2584 1061 2639 1¹⁸

114 2689 209 2751 prope
229 2690 329 2732 serum
350 2673 490 2734 auxilium
510 2674 569 2734 iam
590 2690 685 2752 paene
706 2675 930 2743 circumventis,
951 2673 989 2731 ita
1009 2663 1060 2727 uui·

115 2772 199 2814 versa
218 2757 336 2834 requies
351 2756 421 2827 data
434 2765 486 2816 est.
514 2757 622 2834 integri
643 2773 785 2836 accepere
799 2774 945 2837 pugnam,
967 2769 1018 2814 neo
1035 2760 1061 2805 et

89 2840 180 2916 dipsa
202 2836 290 2914 longa
311 2847 361 2898 aut
382 2857 491 2917 anceps
510 2838 576 2899 fuit.
610 2839 670 2902 lusi
695 2840 796 2902 hostes
814 2848 909 2901 castra
931 2834 1060 2917 repam

115 2920 371 2999 inferentibusque
385 2924 445 2982 iam
467 2923 551 3001 sigua
567 2923 708 2986 Romanis
725 2924 833 2985 cedunt
847 2930 877 2985 et
899 2925 931 2984 in
944 2920 1060 2983 ulamau

75 3013 107 3066 ιο
118 3014 282 3066 castrorum
297 3013 413 3085 partem
427 3005 651 3084 conglobantur.
680 3008 806 3069 haerent
822 3008 967 3086 fugientes
981 3005 1010 3063 in
1020 3012 1060 3059 an·

117 3091 220 3167 gustiis
245 3097 413 3168 portarum3
438 3108 507 3170 pars
532 3108 638 3169 magna
664 3108 803 3169 aggerem
822 3092 986 3170 vallumque
1003 3095 1060 3144 con·

97 3172 245 3244 scopelii,
274 3176 300 3237 si
326 3183 376 3236 aut
392 3195 429 3236 ex
450 3177 604 3255 superiore
625 3173 690 3236 loco
712 3176 790 3235 tueri
811 3194 843 3236 se
866 3180 915 3236 aut
935 3174 1059 3250 superare

58 3194 215 3333 Reliqua
229 3263 259 3317 et
272 3260 395 3321 evadere
418 3266 527 3339 posset
555 3259 774 3338 fortequodam
790 3258 862 3320 loco
879 3253 1059 3319 maledensa·

116 3344 277 3413 tmgger
301 3343 433 3420 pondere
455 3345 691 3424 superstantium.
711 3344 747 3404 in
772 3345 880 3406 fossam
905 3331 1058 3422 procubuit:

21 3462 27 3475 ι
117 3424 206 3496 ὃῐφῐθ
228 3436 277 3489 0³,
300 3442 368 3484 cum
388 3426 459 3487 deos
477 3426 608 3507 pandere
627 3429 704 3489 dam
728 3428 814 3507 lugae
836 3415 1058 3488 conclamassent

21 3544 37 3589 15,-
75 3505 110 3559 ¹²
120 3499 221 3577 plures
234 3500 365 3564 inermes
375 3526 463 3588 quam
481 3513 587 3571 armati
602 3512 736 3572 eradunt.
768 3513 827 3572 hoc
842 3507 954 3591 proelio
965 3503 1059 3564 fractae

21 3568 62 3609 sss.

157 3818 167 3837 ἲ,

170 3838 199 3853 ‘¹‘qu

157 3838 195 3893 h
