2350 3922
260 248 354 290 cisen
367 249 445 290 mr.
462 250 529 291 cur.
546 239 589 291 41.
605 239 649 292 42.
667 231 709 310 [a.
726 233 760 294 0.
776 231 839 312 216]
968 233 1033 297 299

66 396 238 460 conuallem
258 396 389 471 medium
409 414 513 473 agmen
535 399 676 469 traducit,
706 406 740 460 ut
760 401 933 479 diripiendis
953 404 1031 466 velut
1055 420 1072 470 ⁸

66 480 486 558 desertls‘ffliadouiinorum
502 484 605 542 castris
621 492 792 563 occupatum
808 486 1031 568 inpeditumque

67 567 191 627 bostem
207 566 397 644 opprimeret.
422 564 519 625 crebri
532 565 629 627 relicti
643 569 673 627 in
685 571 789 637 castris
800 571 896 646 ignes,
914 579 946 630 ut
959 572 1031 632 lides
1053 584 1070 637 9

64 651 173 718 lieret,
196 647 265 708 dum
285 651 349 727 ipse
369 649 485 726 longius
505 653 630 728 spatium
650 652 720 730 lugu
739 655 936 732 praeciperet,
959 654 1031 715 lalsa

64 735 203 811 imagine
219 739 398 801 castrorum,
419 736 495 795 siout
513 733 636 795 Fabium
656 737 756 812 priore
775 754 855 796 anno
873 737 1031 798 frustratus

65 825 159 886 esset,
176 823 280 877 tenere
294 818 325 876 in
340 815 413 877 locis
428 816 564 878 consules
578 817 711 880 voluisse.
742 819 828 881 XLII.
845 819 902 882 Ubi
916 821 1029 891 inluxit,
1055 837 1068 887 1

62 901 235 962 subductae
249 902 346 978 primo
361 903 516 971 stationes,
539 901 646 962 deiude
659 905 781 981 propius
796 903 970 966 adeuntibus
983 908 1029 966 in·

63 973 356 1047 summouentium
374 983 599 1046 admirationem
612 987 691 1047 lecit.
722 988 781 1048 iam
801 989 871 1049 satis
888 997 1029 1067 conperta
1053 1006 1069 1054 u

63 1069 231 1131 solitudine
251 1070 283 1128 iu
303 1069 408 1129 eastris
428 1086 588 1130 concursus
608 1071 640 1131 lit
660 1070 696 1130 ad
711 1073 858 1150 praetoria
877 1071 1029 1134 consulum

63 1153 271 1214 nuntiantium
283 1153 380 1229 lugam
393 1151 519 1213 hostium
533 1153 607 1214 adeo
619 1155 772 1234 trepidam,
789 1162 822 1216 ut
830 1155 1029 1219 tabernaculis

62 1235 217 1298 stantibus
232 1241 328 1295 castra
342 1234 531 1315 reliquerint,
554 1255 670 1317 quoque
686 1240 754 1315 luga
769 1239 924 1303 obscurior
939 1250 1028 1315 esset,
1074 1231 1076 1235 ’

62 1320 195 1383 crebros
210 1320 298 1379 etiam
313 1319 432 1380 relictos
446 1321 533 1397 iguis.
564 1321 675 1382 clamor
689 1322 758 1381 inde
774 1330 871 1393 ortus,
893 1332 926 1385 ut
945 1326 1028 1403 signa
1052 1341 1067 1390 3

61 1404 199 1484 proferri
220 1401 357 1463 iuberent
375 1403 578 1480 ducerentque
592 1403 629 1464 ad
643 1406 865 1483 persequendos
884 1407 979 1468 hostis
993 1427 1027 1468 ae

61 1490 206 1569 protinus
221 1492 315 1546 castra
331 1486 503 1566 diripienda.
532 1496 562 1548 et
575 1488 678 1549 consul
693 1489 769 1549 alter
779 1488 858 1550 velut
872 1508 949 1550 unus
963 1499 1026 1551 tur·
1052 1510 1068 1554 4

62 1573 121 1635 bae
139 1570 276 1632 militaris
291 1578 367 1639 erat;
384 1569 494 1632 Paulus
509 1573 596 1635 etism
611 1578 699 1652 atque
715 1574 801 1635 etiam
817 1573 916 1633 dicere
930 1575 1026 1652 prori-

61 1656 198 1719 dendum
211 1655 506 1735 praecavendumque
518 1674 582 1716 esse
590 1675 598 1724 ;
615 1663 775 1734 postremo,
792 1674 860 1716 cum
873 1657 961 1717 aliter
974 1675 1026 1718 ne-

61 1760 124 1819 que
135 1738 318 1800 seditionem
339 1756 435 1816 neque
455 1739 558 1799 ducem
577 1740 731 1800 seditionis
751 1741 897 1801 sustinere
916 1746 1026 1819 posset,

60 1825 194 1887 Marium
211 1821 359 1882 Statilium
373 1824 555 1901 praelectum
568 1842 635 1884 cum
650 1831 748 1885 turma
758 1824 877 1885 Lucana
892 1825 1026 1904 explora·

62 1917 129 1969 tum
149 1907 249 1967 mittit.
286 1909 335 1986 qui
354 1905 406 1966 ubi
427 1906 605 1987 adequitavit
624 1910 734 1987 portis,
762 1908 924 1971 subsistere
944 1917 1026 1970 extra
1048 1925 1079 1974 5·

60 1992 249 2059 mumimenta
264 1992 370 2050 ceteris
381 1992 469 2051 iussis
479 1992 543 2070 ipse
555 1993 621 2052 cum
632 1992 748 2055 duobus
762 1992 910 2072 equitibus
918 1992 1025 2054 vallum

59 2076 200 2143 intravit,
222 2074 446 2154 speculatusque
461 2077 558 2136 omnia
574 2094 642 2137 cum
657 2094 727 2137 cura
741 2080 892 2138 renuntiat
905 2076 1026 2137 insidias

60 2160 201 2240 proiecto
217 2176 296 2219 esse:
320 2160 406 2234 ignes
424 2161 456 2218 in
474 2167 560 2237 parte
576 2168 754 2232 castrorum,
776 2179 851 2240 quae
872 2166 974 2236 vergat
989 2159 1026 2218 ad
1047 2173 1064 2225 6

60 2245 192 2311 hostem,
204 2241 333 2312 relictos,
345 2241 533 2302 tabernacula
546 2252 646 2323 aperta
659 2253 688 2304 et
696 2245 793 2303 omnia
805 2261 872 2304 cara
882 2245 913 2302 in
925 2260 1024 2322 prom·

60 2336 118 2408 ptu
138 2325 258 2394 relicta,
286 2333 441 2403 argentum
461 2325 637 2404 quibusdam
661 2326 735 2387 locis
754 2333 866 2387 temere
891 2344 945 2404 per
965 2329 1024 2388 uias

61 2412 145 2473 velut
159 2409 309 2470 obiectum
329 2409 364 2469 ad
380 2409 520 2488 praedam
536 2408 650 2469 uidisse.
681 2427 757 2488 quae
779 2410 815 2469 ad
832 2409 1024 2471 deterrendos
1047 2425 1062 2473 7

61 2515 77 2556 a
94 2493 258 2572 cupiditate
273 2495 387 2554 animos
398 2495 528 2555 nuntiata
545 2499 637 2562 eraut,
655 2511 688 2552 ea
700 2494 906 2563 accenderunt,
922 2502 951 2554 et
966 2493 1025 2555 cla·

61 2595 150 2640 more
162 2585 228 2637 orto
238 2595 255 2637 a
266 2576 417 2646 militibus,
432 2579 464 2637 ni
479 2579 594 2653 signum
605 2576 700 2644 detur,
713 2579 777 2637 sine
785 2575 911 2636 ducibus
920 2578 1022 2646 ituros,

61 2662 291 2740 haudquaquam
307 2661 366 2722 dux
377 2661 483 2726 deluit:
500 2679 567 2722 nem
579 2660 725 2739 extemplo
736 2661 827 2721 Varro
841 2661 957 2737 siguum
972 2661 1023 2720 de-

62 2748 109 2807 dit
119 2745 335 2824 prolloisoendi.
358 2744 475 2814 Paulus,
488 2746 593 2804 cumei
607 2763 658 2804 sua
675 2751 779 2823 sponte
790 2746 939 2805 cunctanti
950 2745 1024 2824 pulli
1045 2757 1062 2808 8

61 2846 184 2910 quoque
206 2830 336 2911 auspicio
357 2845 416 2889 non
437 2828 631 2897 addixissent,
658 2829 789 2888 nuntiari
809 2829 869 2889 iam
890 2828 1023 2890 efferenti

61 2920 151 2993 porta
165 2914 248 2990 signa
263 2911 404 2990 conlegae
417 2914 510 2972 iussit.
541 2912 618 2992 quod
633 2928 811 2992 quamquam
828 2911 919 2974 Varro
934 2926 1062 2989 aegros
1167 2950 1168 2953 =

63 3005 109 3058 est
127 3014 246 3074 passus,
274 2997 400 3057 Flamini
420 3003 518 3058 tamen
538 3014 643 3057 recens
663 3013 749 3057 casus
769 2995 931 3076 Claudique
952 3014 1022 3055 oon-

62 3079 138 3142 sulis
152 3081 249 3158 primo
263 3079 376 3141 Puoieo
392 3078 471 3140 bello
485 3087 646 3142 memorata
660 3079 770 3140 navalis
790 3078 1021 3156 cladesreligio-

62 3182 133 3226 nem
148 3165 247 3224 animo
266 3165 396 3224 incussit.
427 3164 458 3224 di
476 3182 570 3243 prope
589 3165 647 3241 ipsi
667 3182 702 3223 eo
723 3162 753 3222 di
773 3165 866 3240 magis
879 3162 1022 3223 distulere
1030 3175 1064 3227 10

62 3266 152 3328 qoam
166 3246 348 3326 prohibuere
362 3249 556 3309 inminentem
568 3254 681 3326 pestem
692 3246 841 3308 Romanis.
861 3264 931 3308 uam
944 3246 1022 3307 lorte

62 3334 103 3393 ita
119 3334 230 3401 evenit,
248 3341 293 3401 ut,
317 3350 383 3392 cum
398 3332 504 3392 referri
519 3333 603 3408 signa
614 3333 647 3391 in
662 3337 757 3392 castra
776 3330 889 3391 iubenti
910 3330 1022 3391 consuli

63 3415 173 3478 milites
187 3433 247 3476 non
262 3423 416 3495 parerent,
432 3417 510 3477 servi
525 3416 599 3484 duo,
615 3415 765 3476 Formiani
778 3433 870 3483 unus,
887 3414 961 3475 alter
976 3414 1058 3477 Si-it

62 3499 155 3559 dicini
177 3500 295 3578 equitis,
321 3501 372 3578 qui
391 3497 514 3562 Servilio
540 3507 627 3579 atque
647 3497 733 3561 Atilio
754 3497 925 3559 consulibus
944 3500 1022 3557 inter
