2290 3920
275 269 367 310 orans
381 272 413 310 x.
428 268 496 311 oar.
512 256 554 310 36.
572 247 612 329 [a.
630 250 665 311 Ο,
682 248 744 330 294]
930 252 992 317 187

37 417 85 478 dos
100 434 167 485 eos,
189 418 241 496 qui
258 415 440 488 ceciderant,
463 424 493 477 et
510 415 547 476 ad
568 432 637 477 suos
659 414 785 476 tuendos
799 416 836 477 ab
851 415 991 478 Romanis
1110 439 1112 444 ·

37 519 204 581 procursum
222 508 274 563 est.
307 499 377 561 inde
396 499 516 580 paulum
537 501 656 560 inritata
672 516 771 577 pugna
787 506 846 569 est;
868 500 920 560 sed
935 499 1016 562 alr-o

36 592 136 664 muto
158 581 320 664 etinpigra
336 586 430 662 magis
446 593 475 645 et
488 582 590 664 plures
605 590 818 662 procurrerant
832 583 987 654 Samnites,

36 676 62 728 et
76 668 213 730 turbatus
229 686 318 747 eques
330 685 383 730 sua
400 669 463 747 ipse
488 667 619 730 subsidia
635 667 746 727 territis
770 668 854 746 equis
868 667 995 746 procul*

35 754 111 812 cavit.
152 751 225 813 hino
246 751 314 829 luga
342 759 446 831 coepta
463 759 555 813 totam
576 751 681 812 avertit
700 751 794 811 aciem
817 749 989 821 Romanam,

7 858 8 863 ¹
37 838 145 914 iamque
158 837 190 897 in
205 846 288 914 terga
303 834 476 914 fugientium
491 836 637 897 Samnites
648 832 827 914 pugnabant,
841 851 907 895 cum
920 840 1018 894 con-o

36 919 74 979 aul
86 937 162 999 equo
172 926 348 1000 praevectus
361 918 397 980 ad
408 926 524 999 portam
539 925 711 989 castrorum,
724 936 759 980 ac
769 919 895 980 statione
909 919 990 997 equi·

36 1010 88 1063 tum
102 1003 144 1064 ihi
158 1003 297 1084 opposita
315 1002 484 1081 edictoque,
506 1010 539 1064 ut
552 1004 730 1083 quicumque
750 1001 788 1064 ad
804 1000 911 1065 vallum
927 1009 1018 1062 ten-r
1049 1007 1053 1012 ’

37 1085 123 1157 deret,
152 1089 216 1148 sive
240 1085 290 1146 ille
310 1086 461 1149 Romanus
488 1087 549 1147 sire
571 1086 686 1149 Samnis
710 1095 802 1157 esset,
822 1104 878 1167 pro
906 1086 990 1147 hoste

37 1168 186 1242 coherent,
209 1171 283 1232 haec
303 1171 367 1250 ipse
386 1171 526 1231 minitans
552 1170 591 1232 ob

851 1280 855 1308 ι
914 1296 917 1305 .
950 1280 954 1308 ι

43 1339 97 1370 ·’
166 1340 173 1353 ’
225 1363 294 1391 ·ι’;
345 1364 368 1386 ι’
417 1361 465 1390 ura
511 1363 601 1391 rr:¹
668 1363 744 1392 rr*
844 1363 849 1390 r

38 1502 100 1566 haee
145 1514 234 1568 cente
246 1504 368 1568 consula
379 1507 493 1586 equites
506 1504 619 1566 infestis
630 1502 801 1582 cuspidibus
812 1505 1020 1565 circumfumt

6 1650 7 1653 ,
37 1586 190 1653 ducturae
210 1589 341 1670 peditem
362 1591 394 1650 ln
408 1607 538 1669 pugnarn
557 1588 657 1649 redire
671 1586 783 1649 iubent.
824 1604 885 1649 uon
899 1588 992 1648 virtus

38 1670 714 1819 so‘lQnffiqgla-Tffllfflffle-llamfflrit,
742 1657 1008 1750 quodffinnnsm'

7 1782 8 1795 2
39 1757 167 1819 reruntS
298 1804 306 1828 ,
344 1775 380 1837 pa
405 1775 514 1838 umque
536 1754 858 1834 cucumagendrstgna
875 1761 990 1815 remen·

40 1837 116 1919 lique
132 1843 259 1903 aciemn
276 1842 379 1903 castris
400 1843 432 1902 in
452 1841 567 1902 hostem
587 1839 650 1901 luit.
689 1847 752 1900 tum
771 1838 819 1899 alil
834 1838 906 1900 alios
920 1838 1033 1902 hor-10

5 2000 7 2003 ι
39 1926 99 1995 tari,
129 1933 164 1987 ut
192 1932 362 2005 repeterent
389 1941 534 2005 pngnam3
569 1925 757 1984 centuriones
780 1923 817 1985 ab
842 1922 991 2003 signiferis

40 2017 112 2095 rapta
128 2011 214 2087 signa
230 2008 343 2070 inferre
361 2017 389 2069 et
404 2007 561 2070 ostendere
575 2009 651 2077 suls,
666 2025 776 2087 paucos
793 2015 823 2070 et
837 2006 990 2069 ordinibus

39 2088 222 2173 inconpositis
234 2092 325 2153 ellnse
339 2093 440 2153 venire
454 2092 563 2153 hostes.
590 2093 668 2152 inter
679 2091 752 2153 haec
768 2090 871 2153 conoul
885 2108 989 2152 manus
1001 2097 1032 2150 ll

6 2210 7 2213 =
40 2173 71 2232 ad
87 2176 202 2238 caelum
224 2175 359 2237 attollens
377 2193 447 2238 voce
463 2174 559 2246 clara,
584 2177 625 2237 ita
646 2183 679 2236 ut
693 2176 896 2245 exaudiretur,
916 2181 990 2234 tem·

41 2254 112 2333 plum
135 2260 195 2321 lovi
216 2261 326 2321 Statori
349 2267 447 2331 vovet,
479 2260 505 2321 sl
527 2260 707 2322 constitisset
727 2276 744 2319 a
769 2259 837 2336 luga
858 2257 991 2318 Romana

40 2342 109 2405 acies
123 2343 383 2424 redintegratoque
396 2341 510 2423 proelio
537 2342 691 2404 cecidisset
705 2343 880 2420 vicissetque
896 2339 987 2418 legio·

42 2439 88 2485 nes
106 2427 291 2490 Samnitium.
327 2445 432 2489 omnes
452 2425 583 2506 undique
602 2424 698 2487 adnisi
720 2424 757 2486 ad
777 2424 987 2486 restituendam
1001 2431 1033 2482 12

43 2522 175 2587 pugnam,
192 2512 282 2573 duces
303 2511 418 2582 milites,
435 2508 567 2589 peditum
589 2510 780 2588 equitumque
797 2510 850 2569 vis.
880 2525 990 2570 numen

44 2593 123 2654 etiam
145 2594 267 2656 deorum
287 2596 452 2675 respexisse
474 2610 584 2653 nomen
598 2592 762 2653 Romanum
781 2592 890 2652 risum:
916 2590 989 2652 adeo

44 2669 118 2737 laoilo
130 2679 268 2740 inclinata
283 2697 346 2751 res,
359 2677 528 2758 repulsique
540 2694 557 2736 a
571 2676 675 2737 castris
687 2675 802 2746 hostes,
818 2693 887 2736 mor
902 2675 990 2735 etiam

44 2758 145 2823 rodam
161 2763 196 2824 ad
213 2782 281 2825 eum
299 2762 412 2833 locum,
434 2763 467 2822 in
482 2778 541 2840 quo
556 2760 711 2821 commissa
725 2778 823 2839 pugna
845 2768 917 2821 erat.
946 2756 989 2818 ibi
1001 2763 1033 2817 13

44 2840 186 2908 oblacente
192 2849 375 2909 sarcinarum
384 2843 510 2914 cumulo,
524 2862 597 2925 quas
608 2845 796 2907 coniecerant
806 2846 837 2905 ln
849 2842 988 2911 medium,

44 2920 156 2992 haesere
169 2930 309 3012 inpediti;
332 2930 453 3000 deinde,
472 2947 510 2990 ne
528 2928 728 3009 diriperentur
744 2947 808 3001 res,
824 2927 927 2990 orbem
943 2944 989 2988 ar·

45 3017 178 3077 matorum
186 3015 310 3078 sarclnis
323 3013 516 3076 circumdant.
537 3021 598 3074 tum
611 3030 680 3073 vero
693 3031 744 3074 eos
754 3014 874 3076 alronte
881 3028 988 3089 urgere
1002 3017 1034 3069 14

47 3092 161 3168 Pedites,
178 3099 215 3162 ab
231 3107 315 3178 tergo
331 3098 520 3161 circumvecti
536 3098 664 3176 equites:
691 3099 732 3157 ita
747 3098 778 3158 in
798 3096 896 3158 medio
912 3092 989 3154 caesi
1017 3116 1023 3127 ·

47 3181 173 3261 captique,
199 3185 380 3264 captivorum
388 3180 708 3258 numerusluitseptem
720 3179 990 3255 miliumootingen·

48 3261 141 3343 lerum,
154 3270 203 3348 qui
214 3266 396 3330 omnesnudi
407 3267 462 3328 sul)
474 3266 574 3343 iugum
587 3264 682 3333 missl;
696 3280 797 3325 caesos
803 3260 943 3324 rettulere
951 3258 989 3323 ad

47 3353 171 3419 quattuor
178 3352 258 3415 milia
270 3352 463 3430 octingentos.
486 3347 669 3409 nellomanis
682 3347 801 3427 quidem
813 3347 889 3409 laeta
900 3346 990 3407 ricto·

48 3426 83 3489 tia
94 3431 158 3496 luit:
173 3442 348 3498 recensente
355 3434 475 3497 consule
483 3431 573 3494 biduo
580 3438 730 3512 acceptam
743 3431 856 3494 cladem
867 3432 988 3494 amisso·
1000 3435 1033 3488 lo

46 3516 989 3598 rummilitumnumerusrelatusseptemmiliumoctingcntorum.
