2280 3926
183 224 328 289 amaon.
344 245 413 288 oar.
432 232 474 284 ae.
493 233 535 285 aa.
554 232 596 286 eo.
614 222 653 306 [a.
669 228 703 288 0.
718 227 856 308 era-an]
934 233 995 296 125

60 387 150 452 Suessa
172 398 199 452 et
215 393 319 455 Pontia
347 392 451 456 eodem
478 411 555 454 anno
582 391 714 455 coloniae
745 393 887 461 deductae
914 402 1022 456 suntt
1133 470 1134 477 ἵ

60 470 362 566 mesemmmppum
376 477 487 548 lucram
505 477 602 538 Volsci
615 477 748 548 Pontias,
768 474 893 540 insulam
908 480 994 541 sitam

5 588 7 615 1
60 559 243 639 neonspectu
256 561 634 635 litorissni,ain„coluerant.'
664 569 693 622 et
707 561 906 625 Interamnam
921 563 993 625 Suc·

5 676 6 679 =
59 643 167 705 cuinam
180 653 213 707 nt
227 645 422 709 deduceretur
443 643 561 708 colonia*
573 645 676 709 ‘senati
696 645 864 708 consultum
884 647 994 708 facturn
1133 716 1134 723 ἵ

59 732 99 786 cat
114 727 358 809 Jscdtriumriros
378 748 515 793 creavere
532 749 566 792 ac
583 731 708 791 mbeere
724 729 896 792 colonorum
911 737 993 810 quat·
1038 792 1042 801 ,
1133 740 1134 783 t

6 806 112 887 fruti
121 811 197 875 milia
211 815 400 895 insequentes
415 814 550 875 consules
561 815 599 876 bl.
611 813 744 876 Valerius
758 813 790 881 P.
805 813 921 875 Decius.
982 755 1047 883 l&
1133 842 1134 855 ι

7 926 8 929 “
51 937 54 943 ·
104 895 198 960 XXIX.
233 899 393 978 Profligato
420 898 483 960 tere
505 899 679 961 Samnitium
702 897 796 970 bello,
822 900 1019 980 prinsquaml
1133 904 1134 959 ξ

5 1010 8 1043 ;
57 993 83 1038 aa
98 996 161 1044 cura
180 982 338 1044 decederet
356 981 490 1062 patribus
510 984 665 1053 Romanis,
687 982 806 1046 Etrusci
825 982 896 1045 belli
917 981 994 1044 tama
1133 1020 1134 1047 2

56 1072 139 1126 morta
153 1073 205 1129 est.
234 1074 365 1129 necerat
382 1086 416 1130 ea
430 1074 606 1147 tempestate
619 1085 692 1147 gens
707 1067 777 1140 alia,
796 1070 879 1130 cuius
890 1076 1021 1129 secun-a
1133 1074 1134 1139 ζ

7 1188 8 1191 ¹
57 1144 111 1208 dum
125 1149 248 1212 Gallicos
265 1150 407 1213 tumultus
429 1168 509 1214 arma
528 1150 709 1214 terribiliora
723 1162 822 1216 essent
837 1170 904 1214 cnm
923 1170 993 1233 pro·
1133 1156 1134 1163 ’

55 1231 195 1311 pidquitate
217 1236 283 1314 agri
301 1242 363 1296 tum
383 1233 569 1297 multitudine
584 1236 746 1298 hominum.
787 1238 885 1318 itaque
900 1237 1021 1300 alterne
1133 1246 1134 1269 l

56 1316 154 1379 corsde
174 1321 205 1381 in
219 1320 341 1382 Samnio
365 1318 505 1400 reliquias
528 1319 598 1380 belli
619 1324 810 1400 persequenti
829 1322 862 1382 P.
879 1323 992 1392 Decius,

5 1444 7 1449 .
55 1399 93 1475 qai
107 1405 228 1479 graviter
242 1420 334 1482 aeger
347 1402 458 1465 Romae
472 1407 631 1473 restiterat,
650 1410 770 1466 auctore
787 1414 889 1466 senatu
902 1405 992 1466 dicta-

10 1510 11 1513 *
53 1487 130 1545 torem
144 1487 174 1549 G.
186 1487 305 1550 lunium
319 1486 483 1550 Bubulcum
498 1488 580 1549 dixit.
607 1489 646 1556 is,
663 1493 752 1565 prout
762 1488 807 1548 rei
822 1487 1022 1565 magnitudot

53 1568 211 1642 postulabat,
229 1588 336 1632 omnes
345 1572 476 1633 iuniores
488 1578 673 1633 sacramento
689 1569 791 1648 adigit,
809 1588 891 1632 arma
905 1589 1059 1675 quae-,5
1133 1590 1134 1659 j

5 1700 7 1733 3
54 1667 98 1726 que
110 1653 161 1715 alia
175 1674 223 1717 res
238 1656 337 1736 poscit
352 1672 467 1717 summa
480 1655 625 1716 industria
640 1660 740 1734 parat;
763 1672 820 1715 nec
836 1656 926 1715 tantis
941 1672 992 1733 ap·
1133 1662 1134 1703 l

8 1806 9 1809 Ἴ
52 1737 183 1813 paratibus
198 1739 295 1801 elatus
309 1738 346 1799 de
358 1738 512 1800 inserendo
527 1737 605 1800 bello
620 1740 725 1817 agitat,
749 1740 901 1818 quieturus
915 1739 992 1800 haud

10 1892 11 1895 Ἴ
52 1815 136 1892 dubie,
155 1825 211 1886 nisi
231 1822 314 1886 ultro
334 1841 416 1884 arma
430 1823 547 1887 Etrusci
566 1822 721 1885 inferrent.
754 1823 857 1885 eadem
873 1825 905 1884 in
920 1829 1020 1884 con-t

50 1905 164 1976 parando
185 1905 415 1986 cohibendoque
442 1905 521 1969 bello
546 1907 667 1968 consilia
693 1916 723 1968 et
749 1909 825 1987 apud
853 1907 992 1971 Etruscos

51 1982 128 2050 lucre.
157 1992 258 2053 nentri
273 1989 381 2053 tinibus
397 1993 517 2070 egressi.

99 2070 133 2134 Et
146 2091 274 2137 renarra
296 2074 375 2136 clara
396 2092 431 2135 eo
451 2093 530 2137 anno
550 2076 624 2156 Appi
649 2074 760 2138 Claudii
780 2082 810 2136 et
830 2076 861 2137 u.
886 2075 992 2136 Plautii

50 2150 106 2223 fult,
125 2161 287 2221 memoriae
303 2165 404 2220 tamen
425 2158 565 2221 felicioris
580 2159 618 2220 ad
654 2168 767 2222 ostes
784 2177 893 2236 nomen
906 2159 1018 2237 Appia

51 2239 201 2313 quodnam
215 2256 302 2304 muna
475 2261 550 2306 mun
566 2262 602 2305 ur
625 2261 672 2304 em
689 2243 785 2313 duxit,
809 2259 991 2322 eaqueunus

102 2341 134 2385 tt
157 2372 164 2395 ,
180 2345 232 2407 qm
360 2345 455 2388 amem
468 2336 554 2407 atque
567 2325 740 2389 invidiosam
755 2333 875 2387 senatus
890 2324 1017 2386 lectio-7

50 2416 106 2466 uem
118 2406 296 2471 verecundia
310 2411 404 2472 rictus
421 2409 533 2489 collega
548 2411 721 2490 magistratu
741 2428 774 2472 ae
789 2409 989 2473 abdicaverat:

49 2484 143 2568 Appius
160 2496 220 2556 iam
242 2492 311 2554 inde
334 2495 494 2574 antiquitus
514 2495 632 2555 insitam
652 2494 846 2573 pertinaciam
863 2492 1019 2555 lamiliaee
1133 2556 1134 2561 γ

51 2576 164 2643 gerendo
184 2576 266 2639 aolus
288 2593 444 2639 censuram
464 2576 598 2637 obtinuit.
635 2575 740 2636 eodem
754 2575 848 2655 Appio
872 2582 1019 2636 auctorest
1133 2628 1134 2631 ,

50 2648 146 2727 Potitii,
162 2678 253 2739 gens,
273 2662 357 2722 euius
370 2660 406 2724 ad
421 2676 502 2723 aram
520 2661 678 2721 maximam
692 2657 827 2721 Herculis
846 2655 991 2721 familiare

50 2742 238 2807 sacerdotium
251 2744 363 2817 lucrat,
383 2761 484 2807 servos
504 2742 640 2824 publicos
657 2743 813 2805 ministerii
836 2741 991 2823 delegandi

51 2833 123 2897 sapsa
136 2825 290 2890 sollemnia
304 2831 367 2895 eius
378 2831 464 2891 ,sacri
482 2827 653 2895 docuerant.
681 2826 807 2890 traditur
823 2827 893 2889 inde
911 2828 990 2890 dictu
1001 2834 1035 2887 to

49 2904 168 2972 namne
187 2918 220 2981 et
234 2911 517 2991 quoddemovendis
535 2919 613 2977 statu
631 2931 685 2974 suo
699 2912 792 2976 saorla
817 2912 991 2992 religionem

50 2981 266 3081 lacereposset,
283 3013 351 3058 cum
366 2994 521 3059 duodecim
536 2995 714 3060 lamiliaeea
727 3004 902 3077 tempestate
912 2997 991 3057 Pott·

49 3072 143 3136 llttuam
160 3086 273 3150 essent,
298 3079 428 3159 puberes
447 3081 484 3143 ad
504 3082 639 3161 triginta,
663 3097 766 3143 omnes
782 3082 861 3143 intra
881 3097 991 3141 annum

49 3167 106 3216 tuta
123 3162 216 3241 stirpe
235 3165 396 3236 extinctum
416 3184 473 3231 uec
496 3182 604 3227 nomen
625 3171 738 3227 tantam
754 3165 929 3228 Potitiorum
944 3164 988 3226 in·
1000 3171 1031 3225 lt

48 3238 141 3304 luisse
179 3247 232 3307 sed
258 3265 382 3310 censore
607 3251 619 3310 i
947 3249 954 3264 ‘
974 3266 990 3311 a
1009 3302 1017 3319 ,

257 3432 315 3497 que
331 3416 481 3490 consules,
509 3436 560 3499 qur
581 3434 776 3481 armannum
798 3419 893 3481 sacnti
913 3424 993 3490 sunt,
1004 3424 1018 3479 t

48 3482 74 3546 (i.
84 3488 182 3557 lunius
195 3492 343 3562 Bubulcus
354 3505 473 3564 tertium
484 3509 514 3564 et
528 3502 563 3576 Q.
577 3501 717 3566 Aemilius
731 3501 859 3566 Brrbula
873 3505 989 3576 iterum,
