2350 3922
155 201 216 264 360
308 214 401 257 amaa
422 212 513 255 nni.
529 213 597 256 car.
616 198 660 254 39.
677 200 720 253 4ο.
737 192 777 274 [a.
793 217 824 256 u.
836 216 866 254 e.
883 196 947 277 539]

154 365 285 426 Poenum
302 363 488 434 defecerant,
513 362 621 424 Fabius
636 365 664 423 vi
678 366 772 444 cepit:
786 363 998 444 ¹praesidiaque
1016 365 1049 424 in
1063 365 1108 427 bis

18 506 19 529 1
124 447 324 510 7Hannibalis
346 447 545 528 Campanique
573 447 712 525 permulti
737 451 824 528 capti.
865 457 895 510 ot
919 447 1008 509 Nolae
1035 451 1106 510 sicut

153 536 253 611 priore
269 551 347 594 anno
368 542 488 593 senatus
504 532 721 603 Romanorum,
744 533 828 614 plebs
845 531 1015 595 Hannibalis
1037 540 1103 602 erat,

153 616 332 699 consiliaque
346 615 459 678 occulta
471 617 508 677 de
522 617 612 678 caede
624 618 790 696 principum
805 625 835 677 et
847 618 1013 697 proditione
1027 616 1102 678 urbis

126 701 313 765 tinibantur.
344 700 450 780 quibus
465 719 504 762 ne
518 703 635 781 incepta
650 701 864 779 procederent,
886 703 965 762 inter
982 701 1103 781 Capuam

155 794 308 866 castraque
320 783 506 856 Hannibalis,
522 802 596 865 quae
611 785 642 843 in
653 784 757 846 Tifatis
771 795 864 857 erant,
879 786 1014 847 traducto
1025 802 1101 846 erer-

154 873 212 932 citu
225 871 331 932 Fabius
345 868 654 950 superSuessulam'in
666 871 769 931 castris
781 869 948 933 Claudianis
962 869 1100 936 consalin

153 956 223 1015 inde
234 955 272 1015 Μ.
287 953 458 1016 Marcellum
474 961 698 1034 propraetorem
714 972 781 1015 cum
796 956 832 1015 iis
849 955 956 1033 copiis,
973 971 1041 1033 quas
1053 951 1097 1012 ha·

155 1038 257 1107 bebat,
273 1038 376 1100 Nolam
392 1040 424 1098 in
440 1039 619 1117 praesidium
634 1038 722 1098 misit.

126 1131 140 1180 1
213 1120 272 1184 XL.
306 1121 344 1182 Et
364 1124 395 1182 in
419 1120 554 1183 Sardinia
577 1138 626 1180 res
649 1139 704 1199 per
725 1122 760 1183 T.
781 1121 921 1185 Manlium
940 1128 1096 1202 praetorem

154 1206 352 1266 administrari
373 1213 511 1284 coeptae,
533 1221 608 1285 quae
630 1207 755 1267 omissae
776 1214 875 1277 erant,
897 1214 1047 1286 postquam
1066 1202 1095 1273 Q.

127 1290 266 1350 allucius
281 1297 401 1369 praetor
417 1291 497 1368 gravi
514 1287 619 1350 morbo
635 1297 679 1349 est
693 1289 852 1369 inplicitus.
887 1288 1010 1352 blanlius
1027 1287 1094 1348 navi·

154 1364 210 1435 bui
222 1372 319 1453 longis
333 1373 370 1434 ad
384 1372 495 1436 Caralis
509 1372 660 1435 subductis
676 1373 886 1454 navalibusque
907 1375 994 1436 sociis
1012 1389 1095 1432 arma·

154 1459 206 1528 tis,
227 1466 258 1519 ut
271 1465 350 1519 terra
365 1458 428 1518 rem
445 1465 594 1536 gemeret,
614 1466 645 1518 et
659 1477 674 1518 a
689 1466 828 1537 praetore
843 1460 975 1520 exercitu
987 1462 1095 1534 accepto

154 1542 211 1602 duo
227 1551 257 1603 ct
271 1543 373 1622 viginti
388 1541 468 1603 milia
480 1542 627 1621 peditum,
650 1541 731 1603 mille
741 1541 888 1605 ‘ducentos
909 1544 1021 1623 equites
1035 1555 1094 1600 ooa-

125 1626 231 1687 afeoit.
269 1645 335 1688 cum
357 1628 403 1687 bis
431 1628 560 1706 equitum
582 1625 771 1705 peditumque
794 1628 888 1707 copiis
909 1623 1094 1707 profectusin

152 1728 256 1788 agrum
267 1710 396 1772 bostium
410 1710 488 1771 haud
503 1708 606 1789 procul
622 1709 657 1770 ab
668 1710 878 1789 Hamspioorae
892 1711 996 1772 castris
1013 1714 1094 1769 castra

152 1797 258 1872 posuit.
293 1795 485 1874 Hamspioora
506 1803 568 1855 tum
590 1795 666 1854 forte
687 1794 837 1874 profectus
861 1801 925 1855 erat
943 1796 975 1863 in
989 1791 1095 1854 Pellitos

153 1877 263 1939 Sardos
283 1878 319 1937 ad
340 1880 520 1939 iuventutem
542 1874 729 1948 armandam,
760 1896 816 1956 qua
844 1881 945 1958 copias
972 1882 1094 1954 augerott

124 1959 228 2025 attius
244 1961 362 2021 nomine
373 1961 471 2022 Hostis
483 1963 586 2022 castris
598 1969 743 2040 praeerat.
775 1963 800 2021 is
808 1961 1008 2024 adolescentia
1024 1960 1096 2020 ferox

153 2053 265 2106 temere
278 2043 391 2125 proelio
410 2045 483 2104 inito
499 2044 580 2105 fusus
600 2045 784 2125 fugatusque.
820 2047 856 2107 ad
872 2047 929 2106 tria
945 2044 1023 2105 milia
1038 2043 1095 2104 Sar·

126 2134 142 2185 5
156 2128 261 2191 dorum
276 2146 311 2190 eo
322 2127 435 2207 proelio
450 2145 547 2199 caesa,
564 2129 727 2204 octingenti
740 2129 834 2192 ferme
848 2131 905 2190 riri
919 2130 1011 2208 capti;
1034 2128 1097 2189 alius

154 2215 300 2275 exercitus
319 2214 416 2292 primo
436 2230 490 2290 por
510 2229 597 2290 agros
619 2211 763 2292 silvasque
789 2213 857 2292 fuga
879 2212 1008 2293 palatus,
1029 2212 1095 2279 dein,

152 2315 210 2375 quo
227 2297 332 2359 ducem
350 2298 458 2374 fugisse
474 2297 551 2357 fama
566 2306 645 2373 erat,
657 2297 698 2360 ad
713 2297 952 2363 urhmaomino
968 2297 1097 2368 Cornum.

123 2385 240 2459 tcaput
255 2383 318 2442 eius
339 2382 468 2459 regionis
474 2384 482 2452 4
505 2381 645 2459 confugit.
684 2379 920 2461 debellatumque
942 2388 978 2440 eo
994 2378 1096 2460 proelio

149 2464 182 2522 fn
198 2464 334 2526 Sardinia
348 2472 441 2534 esset;
456 2467 487 2526 ni
498 2462 603 2526 classis
617 2466 901 2535 Punnaqeumaaoa
914 2463 1095 2528 Hasdrubale.

152 2565 227 2625 quae
243 2556 416 2627 tempestate
440 2549 552 2610 deiecta
575 2548 611 2609 ad
627 2547 750 2612 Baliaris
772 2559 834 2611 erat
874 2551 906 2610 ln
922 2557 1053 2629 temporo
1066 2546 1095 2611 ad

123 2638 138 2686 7
150 2648 232 2710 spem
248 2632 412 2694 rebellandi
422 2633 595 2693 advenisset.
625 2632 749 2694 Manlius
763 2643 830 2713 post
843 2640 952 2694 tamam
969 2631 1095 2712 adpulsae

151 2715 279 2778 Punicae
295 2716 395 2778 classis
406 2715 517 2779 Caralis
532 2735 564 2778 se
578 2718 704 2795 recepit:
720 2734 753 2777 ea
768 2719 883 2779 occasio
897 2716 1096 2796 Hamspioorae

123 2805 139 2857 8
153 2800 220 2860 data
235 2807 280 2860 est
294 2801 394 2862 Poeno
409 2819 441 2861 se
455 2801 606 2878 iungendi.
638 2799 817 2872 Hasdrubal,
843 2802 936 2881 copiis
952 2802 1095 2861 interram

151 2883 291 2961 expositis
306 2900 342 2945 ex
358 2885 451 2945 classe
464 2885 587 2955 remissa
605 2884 810 2963 Carthaginem
825 2884 900 2946 duce
914 2884 1095 2963 Hampsicora

150 2967 186 3027 ad
202 2967 348 3028 sociorum
361 2966 462 3046 populi
476 2968 601 3029 Romani
612 2986 714 3046 agrum
731 2968 932 3048 populandum
946 2967 1094 3047 profectus,

151 3050 261 3126 Caralis
282 3060 477 3130 perventurus
501 3059 578 3122 arat,
609 3053 640 3111 ni
656 3052 787 3113 Manlius
809 3052 895 3114 obvio
916 3046 1094 3112 exercituab

121 3134 240 3196 teffusa
258 3153 325 3195 eum
343 3133 532 3214 populatione
548 3136 749 3205 continuisset.
779 3138 876 3216 primo
891 3143 987 3197 castra
1004 3134 1095 3197 castris

150 3217 265 3276 modico
279 3217 432 3279 intervallo
454 3226 523 3280 sunt
536 3217 665 3288 obiecta;
682 3219 788 3282 deinde
804 3240 858 3302 per
869 3221 1095 3302 procursationes

149 3296 222 3356 levia
239 3303 400 3361 certamina
422 3303 501 3361 vario
522 3310 627 3364 eventu
648 3304 738 3376 inita,
759 3312 911 3385 postremo
931 3305 1093 3366 descensum

149 3379 181 3436 in
198 3381 307 3450 aciem,
324 3384 415 3459 signis
434 3384 557 3446 conlatis
571 3387 647 3446 iusto
664 3389 779 3467 proelio
794 3409 848 3469 per
864 3396 1002 3470 quattuor
1017 3388 1094 3447 horas

108 3463 140 3513 ¹0
151 3469 322 3538 pugnatum.
343 3465 393 3548 diu
402 3484 531 3545 pugnam
543 3470 701 3549 ancipitem
711 3473 813 3545 Poeni,
826 3473 926 3536 Sardis
935 3470 1092 3534 facilerinci
