2350 3922
138 209 199 273 328
295 225 390 267 urana
403 222 493 264 mn.
508 221 576 263 oar.
595 210 694 262 10.11.
726 200 811 282 [au.
827 223 851 261 c.
869 200 931 282 538]

1172 204 1173 213 l

1171 240 1174 247 ι

138 372 292 451 Campani,
309 387 397 451 quam
412 370 542 448 petistis:
561 369 627 429 foro
642 369 754 440 medio,
778 367 844 429 luce
859 368 953 438 clara,
970 370 1099 431 videnti-

136 454 191 516 bus
206 455 288 516 vobis
303 454 377 515 nulli
391 454 608 532 Campanorum
623 452 770 514 secundus
787 453 901 514 vinctus
917 453 952 514 ad
967 462 1099 515 mortem

108 539 236 618 srapior
268 538 338 620 quid
350 535 504 598 violentius
517 544 600 615 capta
612 537 709 615 Capua
719 537 821 597 tieretl
836 538 877 597 ite
888 537 1004 598 obviam
1016 539 1098 599 llan-

137 622 242 692 nibali,
261 629 400 684 exornate
414 619 519 682 urbem
534 621 670 700 diemque
682 620 823 681 adventus
835 622 898 681 eius
914 633 1096 692 consecrate,

106 714 168 767 aut
183 706 261 767 huno
278 705 459 786 triumphum
481 705 519 765 de
539 707 600 765 cire
623 711 721 766 restro
735 705 904 783 spectetis.“
927 705 1002 766 baec
1016 709 1097 766 roci·

136 790 251 851 ierante
267 809 333 853 curn
345 790 458 851 moveri
468 787 570 866 volgus
580 787 745 854 videretur,
762 787 930 850 obvolutum
941 797 1029 868 caput
1041 797 1095 860 est,

137 876 276 955 ociusque
290 876 355 953 rapi
370 880 452 935 extra
467 880 583 951 portam
597 874 702 932 iussus.
738 873 777 931 ita
797 873 829 932 in
846 879 942 933 castra
957 873 1095 951 perduoi-

135 966 198 1028 tur;
210 958 413 1038 extemploque
424 958 568 1036 inpositus
578 957 609 1016 in
617 973 718 1015 navem
728 962 757 1014 et
764 956 970 1034 Carthaginem
978 959 1095 1029 missus,

95 1050 127 1101 10
138 1060 176 1102 ne
187 1049 270 1102 motu
282 1040 378 1120 aliquo
386 1041 501 1118 Capuae
510 1057 547 1099 ex
557 1039 729 1117 indignitate
740 1041 785 1099 rei
797 1046 862 1099 orto
874 1049 1007 1101 senatum
1021 1060 1095 1120 quo·

135 1145 192 1205 que
207 1127 370 1204 paeniteret
386 1123 475 1183 dediti
486 1124 637 1201 principis,
654 1129 684 1182 et
698 1121 844 1200 legatione
859 1125 948 1185 missa
959 1125 996 1184 ad
1007 1143 1095 1204 repe·

136 1208 256 1269 tendum
267 1225 333 1268 eum
346 1223 384 1267 ne
400 1213 450 1266 aut
462 1205 598 1284 negando
610 1223 687 1275 rem,
701 1224 788 1285 quam
806 1208 935 1285 primum
948 1217 1092 1286 peterent,

136 1290 371 1353 offendendisibi
382 1292 450 1351 nori
464 1291 551 1359 socii,
567 1297 618 1351 aut
636 1287 792 1351 tribuendo
809 1289 963 1351 habendus
978 1291 1094 1370 Capuae

94 1383 124 1435 lt
137 1384 214 1437 esset
231 1375 381 1436 seditionis
395 1393 430 1435 ac
444 1373 597 1434 turbarum
613 1380 723 1433 auctor.
753 1391 855 1434 navem
867 1375 996 1452 Cyrenas
1011 1375 1093 1436 detu-

135 1459 170 1521 lit
183 1467 356 1540 tempestas,
372 1477 447 1539 quae
463 1465 525 1519 tum
540 1459 572 1518 in
590 1456 705 1517 dicione
721 1475 824 1535 regum
839 1466 933 1519 erant.
961 1458 1010 1519 tbi
1026 1474 1092 1520 cum

95 1552 126 1602 12
137 1545 249 1623 Magius
260 1544 297 1603 ad
309 1551 431 1604 statuam
442 1540 603 1602 Ptolomaei
620 1541 699 1619 regis
711 1543 906 1619 confugisset,
923 1543 1093 1621 deportatus

136 1647 152 1687 a
168 1627 338 1689 custodibus
353 1626 566 1687 Alexandream
580 1623 617 1683 ad
633 1624 850 1695 Ptolomaeum,
875 1643 943 1686 cum
958 1644 1026 1687 eum
1043 1626 1092 1686 do·
1172 1680 1173 1701 ,

136 1713 244 1772 auisset
259 1711 423 1771 contraius
438 1709 709 1769 foederisninctum
729 1726 761 1768 se
783 1708 820 1768 ab
836 1709 1001 1769 Hannibale
1017 1728 1091 1779 esse,

136 1794 237 1854 vinclis
252 1792 411 1862 liberatur,
432 1794 683 1873 permissumque,
705 1800 737 1853 ut
752 1792 878 1861 rediret,
899 1811 952 1854 seu
968 1793 1091 1855 Romam

88 1884 125 1936 ,13
133 1895 185 1937 scu
196 1878 323 1955 Capuam
339 1876 448 1936 mallet.
480 1893 536 1937 nec
546 1875 658 1953 Magius
674 1873 803 1954 Capuam·
817 1875 873 1936 sibi
885 1884 977 1938 tutam
995 1877 1091 1938 dicere

135 1967 164 2020 et
178 1959 302 2020 Romam
318 1978 352 2019 eo
368 1968 516 2037 tempore,
533 1978 591 2038 quo
605 1961 683 2018 inter
701 1959 849 2021 Romanos
870 1959 1092 2041 Campanosque
1171 1992 1172 2043 q

133 2041 244 2104 bellum
254 2045 299 2113 sit,
313 2043 482 2120 transfugae
489 2044 582 2121 magis
592 2059 679 2119 quam
693 2043 816 2122 hospitis
824 2043 888 2105 iore
895 2044 1090 2106 domicilium:

135 2145 279 2207 nusquam
296 2125 383 2187 malle
398 2145 485 2206 quam
501 2128 531 2186 in
552 2143 644 2204 regno
669 2127 733 2187 eius
755 2129 864 2197 vivere,
889 2147 977 2208 quem
1001 2128 1090 2188 vindi·

135 2229 199 2272 cem
217 2218 305 2290 atque
319 2218 469 2272 auctorem
485 2209 591 2271 habeat
606 2208 759 2270 libertatis.

106 2302 119 2352 1
198 2295 246 2356 Xl.
280 2296 354 2356 Dum
374 2295 448 2356 baec
468 2302 625 2373 geruntur,
650 2292 684 2365 Q.
702 2293 810 2355 Fabius
824 2296 924 2356 Pictor
945 2294 1089 2373 legatusa
1170 2298 1171 2309 ¹

134 2378 255 2457 Delphis
269 2379 393 2439 llomam
409 2379 485 2439 redit
505 2395 738 2458 responsumque
759 2396 795 2438 ex
819 2382 928 2456 scripto
950 2381 1088 2440 recitant

133 2462 192 2523 divi
209 2461 349 2542 divaeque
365 2463 396 2522 in
413 2481 447 2523 eo
467 2471 564 2531 erant,
584 2460 690 2541 quibus
709 2461 930 2541 quoquomodo
945 2461 1089 2543 supplica·

106 2554 232 2616 aretum
248 2554 309 2606 tum
331 2548 382 2616 „si
396 2549 436 2607 ita
451 2546 562 2616 faxitis,
589 2544 729 2614 Romani,
750 2552 865 2606 vestrae
887 2564 937 2606 res
954 2546 1088 2606 meliores

133 2629 339 2709 facilioresque
365 2638 465 2700 erunt,
498 2630 650 2708 magisque
676 2646 711 2688 ex
733 2631 878 2690 sententia
899 2646 947 2690 res
974 2629 1087 2707 publica

133 2721 229 2774 vestra
250 2712 332 2773 robis
357 2713 498 2791 procedet
522 2713 701 2790 victoriaque
727 2711 817 2772 duelli
841 2712 944 2793 populi
967 2711 1088 2774 Romani

106 2804 123 2855 3
137 2797 201 2856 erit.
226 2796 330 2873 Pythio
344 2796 472 2875 Apollini
487 2814 519 2857 re
535 2794 652 2876 publica
669 2802 761 2856 vestra
777 2795 853 2857 bene
868 2807 949 2874 gesta
964 2804 1088 2857 servata-

134 2898 191 2960 que
208 2879 298 2939 lucris
313 2881 426 2940 meritis
440 2879 550 2940 donum
565 2880 715 2949 mittitote,
739 2877 832 2958 deque
847 2880 971 2959 praeda,
989 2899 1087 2941 mauu·
1168 2924 1169 2955 q

135 2963 191 3024 biis
206 2961 365 3043 spoliisque
381 2964 524 3024 honorem
544 2964 696 3030 habetote;
714 2961 862 3024 lasciviam
879 2983 897 3023 a
920 2962 1004 3024 vobis
1021 2982 1087 3043 pro·

107 3047 297 3109 thibetote.“
317 3047 400 3128 baec
413 3046 466 3107 ubi
478 3066 515 3107 ex
530 3048 643 3108 Graeco
658 3048 788 3106 carmine
808 3049 1002 3127 interpretata
1016 3049 1088 3107 reci·

133 3133 220 3200 tavit,
237 3138 298 3191 tum
314 3129 387 3190 dixit
399 3148 431 3190 se
446 3129 565 3191 oraculo
579 3147 729 3208 egressum
742 3130 888 3211 extemplo
903 3133 940 3191 iis
955 3131 1088 3192 omnibus

105 3213 207 3272 editis
219 3230 284 3272 rem
296 3214 423 3274 divinam
436 3223 502 3274 ture
515 3231 549 3274 ac
560 3215 627 3273 vino
640 3213 759 3283 iecisse,
778 3216 950 3294 iussumque
961 3233 978 3273 a
990 3212 1089 3291 templi

135 3296 279 3363 antistite,
297 3298 372 3356 siout
387 3305 544 3357 coronatus
557 3295 658 3358 laurea
674 3314 781 3358 corona
798 3306 827 3359 et
847 3296 999 3359 oraculum
1014 3297 1089 3357 adis·

135 3382 180 3432 set
194 3382 224 3433 et
237 3395 300 3435 rem
316 3378 443 3440 divinum
457 3380 591 3450 iecisset,
617 3382 657 3440 ita
678 3391 850 3443 coronatum
870 3399 972 3443 navem
988 3398 1088 3441 ascen·

135 3456 206 3514 dere
222 3473 276 3514 neo
292 3467 360 3518 ante
377 3463 526 3540 deponere
543 3482 622 3532 eam,
645 3481 732 3542 quam
747 3465 869 3527 Romam
888 3464 1086 3545 pervenisset:
