2350 3922
177 204 239 269 334
344 219 437 261 amsa
450 197 960 281 m11.ose.15.1o.[a.u.c.tte]
1143 192 1145 297 l

177 375 271 429 macte
289 368 397 428 virtute
414 374 504 428 esto“
524 368 632 446 inquit,
653 367 756 447 „apud
778 385 825 431 me
848 367 900 431 tibi
917 366 1007 429 omnis
1025 364 1104 427 bonos
1143 342 1145 357 Α

177 460 263 529 atque
284 468 373 522 omne
400 453 563 530 praemium
585 453 655 520 erit,
677 458 707 512 et
728 470 786 531 quo
803 450 981 530 frequentior
1006 467 1103 513 wem
1143 442 1145 527 l

175 535 281 606 lucris,
303 536 413 595 senties
432 553 497 596 eam
518 553 583 596 rem
603 534 658 596 libi
677 534 810 613 dignitati
825 541 912 614 atque
932 532 1104 596 emolumento
1143 548 1145 591 t

135 623 166 677 lb
177 626 282 681 esse“:
294 617 429 698 laetoque
438 620 537 680 iuveni
550 620 702 698 promissis
713 637 819 699 equom
830 620 969 683 eximlum
978 618 1049 679 dono
1060 616 1104 685 dil,

177 701 349 784 bigatosque
365 705 542 783 quingentos
557 710 744 783 quaestorem
760 720 919 767 numerare
934 698 1025 771 iubet:
1039 700 1104 761 licto

175 785 258 848 ribos
272 788 412 867 imperat,
428 793 462 847 ut
475 804 542 848 cum
558 805 590 848 se
605 786 703 856 adire,
719 788 854 865 quotiens
870 785 955 855 uelit,
972 786 1104 865 patiantur.

150 875 163 927 1
177 869 250 932 xvi.
286 871 349 933 llas
371 871 508 932 comitate
530 869 662 931 Marcelli
679 870 787 934 ferocis
803 872 917 933 iuvenis
931 870 1040 930 animus
1050 867 1104 929 adeo

177 961 223 1015 est
237 954 380 1023 mollitus,
409 962 443 1014 ut
457 971 544 1015 nemo
565 954 634 1015 inde
649 956 797 1016 sociorum
810 972 877 1016 rem
891 954 1046 1016 Romanam
1060 950 1103 1012 ier·

148 1039 233 1099 atius
253 1057 288 1100 ac
313 1036 427 1100 fidelius
451 1039 569 1108 iurarit,
601 1056 668 1099 cum
690 1036 834 1101 Hannibal
865 1038 903 1101 ad
930 1044 1026 1117 portas
1048 1041 1105 1095 esset

178 1155 213 1167 -
231 1121 335 1184 Nolam
350 1124 429 1182 onim
446 1138 548 1182 rursus
564 1139 581 1183 a
596 1121 722 1183 Nuceria
736 1123 827 1185 morit
846 1130 943 1185 castra
957 1156 999 1169 -
1014 1118 1104 1200 plebes·

176 1223 234 1284 que
248 1204 360 1267 Nolana
372 1204 410 1264 de
425 1206 541 1283 interro
557 1205 594 1265 ad
609 1205 804 1269 deiectionem
820 1213 979 1286 spectaret.
1144 1260 1145 1269 ,

150 1294 167 1348 t
237 1287 393 1350 llarcellus
406 1288 460 1350 sub
478 1287 634 1351 adrentum
649 1289 777 1353 bostium
791 1291 870 1350 intra
886 1307 989 1351 muros
1002 1305 1031 1349 se
1044 1301 1104 1347 rece

175 1375 230 1453 pit,
248 1390 308 1433 non
323 1375 427 1434 castris
441 1379 589 1443 metuens,
605 1373 656 1433 sed
671 1390 708 1434 ne
722 1373 894 1453 prodendae
909 1373 992 1434 urbis
1002 1371 1104 1433 octob

148 1465 244 1517 snam
256 1456 489 1519 nimismultisin
503 1456 783 1519 eamiominentibus
795 1457 888 1518 daret.
909 1457 1016 1519 instrui
1023 1450 1103 1514 deiude

175 1542 323 1620 utrimque
337 1543 415 1602 acies
430 1548 568 1620 coeptae,
584 1541 783 1602 Romanorum
799 1558 854 1620 pre
866 1540 1021 1603 moenibus
1028 1535 1102 1601 Nolae.

174 1625 342 1686 Poenorum
357 1633 425 1686 ante
436 1632 531 1687 eastra
543 1643 604 1686 sua.
631 1624 741 1704 proelia
754 1625 824 1685 binc
834 1643 927 1703 parva
938 1625 1014 1689 inter
1023 1619 1102 1683 urbere

176 1716 329 1789 castraque
344 1717 374 1769 et
388 1710 468 1769 rario
485 1717 591 1770 eventu
605 1708 726 1778 fiebant,
752 1709 820 1786 quia
846 1707 939 1771 duces
952 1725 1006 1771 nec
1025 1701 1101 1786 probi·

174 1790 246 1852 bere
257 1809 366 1872 paucos
377 1800 489 1854 temere
500 1795 685 1871 provocantis
699 1809 755 1852 nec
766 1791 836 1853 dare
847 1793 968 1871 signum
979 1792 1102 1852 univerae

144 1881 287 1953 bpugnae
309 1873 453 1938 volebant.
493 1877 522 1936 in
546 1876 601 1936 hac
621 1876 767 1947 cotidiana
794 1874 923 1937 duorum
949 1874 1101 1939 exercituum

174 1958 299 2017 statione
313 1958 461 2036 principes
476 1957 656 2021 Nolanorum
679 1960 814 2021 nuntiant
827 1959 969 2021 llarcello
987 1963 1100 2019 nocwrnt
1143 2016 1144 2021 ,

148 2038 413 2119 oconloquiaintcr
419 2040 534 2119 plebem
547 2041 700 2103 acPoeuos
712 2042 785 2112 lieri,
797 2049 997 2123 statutumque
1003 2041 1100 2109 esseni
1142 2028 1144 2055 ¹

175 2124 588 2202 cumRomanaaciesegressa
597 2125 690 2202 portis
701 2133 802 2196 staret,
814 2127 1014 2204 inpedimenta
1023 2134 1101 2185 eorum

174 2226 208 2270 ac
221 2209 351 2270 sardnas
362 2208 538 2286 diriperent,
556 2207 727 2270 clauderent
741 2209 846 2274 deiude
858 2219 962 2288 portas
971 2218 1099 2282 murosque

173 2299 359 2371 occuparent,
373 2300 405 2353 ut
414 2298 547 2371 potentes
561 2311 662 2353 rerum
674 2310 791 2355 suarum
804 2301 892 2372 atque
903 2294 987 2356 urbis
996 2293 1099 2353 Pacuuii

144 2382 161 2431 7
172 2376 242 2437 inde
256 2394 311 2455 pro
326 2375 458 2437 Romano
473 2376 650 2455 acciperent.
683 2377 756 2437 baec
771 2376 821 2437 ubi
844 2380 976 2441 nuntiata
990 2364 1097 2459 Marcell
1142 2426 1143 2435 ,

172 2466 253 2529 sunt,
280 2458 461 2520 conlaudatis
485 2460 670 2522 senatoribus
684 2457 817 2530 Nolanis,
844 2463 1013 2540 priusquam
1034 2453 1098 2529 aliql

172 2551 269 2604 motus
288 2545 318 2607 in
339 2542 412 2603 urbe
435 2551 584 2612 oreretur,
608 2545 757 2605 fortunam
780 2560 896 2623 pugnae
919 2542 1041 2623 experiri
1057 2542 1097 2596 atr·

143 2628 234 2688 stuic.
265 2627 302 2688 ad
317 2628 370 2689 tris
384 2634 483 2705 portas
507 2628 537 2687 in
557 2627 656 2688 hostes
676 2645 774 2688 versas
794 2629 943 2705 tripertito
965 2623 1096 2688 exornem

172 2711 322 2779 instruxit3
341 2709 540 2787 inpedimenta
553 2710 692 2789 subsequi
705 2712 801 2782 iussit,
818 2710 937 2775 calones
952 2710 1067 2786 lixasque
1078 2702 1096 2756 tl

171 2792 312 2854 invalidos
330 2793 437 2857 milites
453 2793 558 2855 vallum
578 2795 667 2857 serre.
696 2794 792 2854 media
806 2803 892 2873 porta
912 2794 1017 2856 robora
1030 2783 1095 2876 legit·

172 2893 243 2937 num
257 2882 288 2936 et
301 2876 449 2939 Romanos
466 2878 591 2955 equites,
608 2877 721 2941 duabus
736 2879 814 2941 circa
828 2879 922 2956 portis
943 2891 1029 2937 noros
1040 2862 1095 2930 mili
1141 2896 1142 2961 p

142 2966 215 3021 ates
229 2957 383 3038 levemque
397 2970 575 3024 armaturam
593 2980 628 3027 cc
644 2962 790 3023 sociorum
805 2962 916 3040 equites
930 2958 1033 3023 statuit.
1054 2947 1094 3011 Ni·

36 3048 77 3147 χ
171 3045 230 3107 leni
248 3060 348 3107 moros
372 3050 529 3123 portasque
552 3044 632 3104 adire
654 3046 748 3115 vetiti,
772 3043 957 3122 subsidiaque
981 3036 1094 3101 destrae

43 3178 51 3189 .
170 3126 377 3204 inpedimentis
391 3126 471 3197 data,
495 3145 532 3191 ne
558 3130 707 3203 occupatis
726 3127 839 3207 proelio
862 3125 1019 3206 legionibus
1035 3121 1094 3206 inti

68 3164 89 3249 l
145 3210 300 3287 0impetus
315 3210 408 3270 lieret.
438 3212 478 3273 ita
495 3212 631 3272 instructi
648 3213 725 3273 intra
741 3217 840 3291 portas
860 3209 983 3272 stabant.
1008 3203 1094 3265 Hann-

170 3288 230 3348 bali
244 3290 298 3352 sub
313 3295 418 3369 signis,
438 3293 468 3357 id
490 3294 568 3372 quod
590 3313 643 3373 per
657 3293 768 3374 aliquot
779 3295 842 3356 dies
856 3295 978 3361 lecerat,
993 3287 1025 3348 ad
1038 3274 1094 3343 mil·
1140 3326 1141 3355 r

172 3377 233 3430 tum
248 3372 306 3432 diei
328 3376 359 3435 io
380 3377 443 3438 acie
463 3379 551 3437 stanti
576 3379 673 3455 primo
694 3377 837 3442 miraculo
861 3395 937 3451 esse,
962 3367 1032 3452 quod
1053 3372 1093 3420 oce

171 3452 315 3511 exercitus
332 3455 481 3521 Romanus
497 3467 581 3538 porta
599 3460 804 3539 egrederetur,
828 3480 882 3523 nec
898 3464 1018 3522 armatus
1032 3444 1092 3527 quis·

29 3268 52 3287 Α
