2396 3920
272 253 365 296 umus
380 253 537 297 vrrrscur.
558 240 602 296 30.
618 240 659 292 31.
674 232 713 314 [a.
732 236 766 296 C.
782 235 841 317 325]
1000 241 1038 305 81

99 417 214 461 acervum
227 399 344 462 hostilia
367 419 447 463 arma
467 401 585 463 subdito
605 405 676 480 igne
690 404 903 473 concremavit,
920 420 973 465 seu
989 410 1068 464 ros
1095 448 1097 459 ,

98 489 143 543 tum
153 484 180 543 id
192 483 316 546 deorum
325 486 450 564 cuipiam
461 485 525 556 luit,
538 500 591 546 seu
599 485 722 546 credere
733 485 806 547 libet
812 485 903 546 Fabio
916 489 1038 558 auctori,
1082 482 1095 517 ‘³

54 578 58 593 ·
96 568 254 639 solacium,
273 586 396 629 nesuae
416 569 528 648 gloriae
549 571 678 631 fructum
701 569 827 630 dictator
848 579 968 649 caperet
984 588 1037 632 uo·

93 667 203 731 neuque
217 650 260 714 ibi
274 651 421 713 scriberet
435 661 485 714 aut
498 653 591 734 spolia
606 655 638 715 iu
659 654 810 731 triumpho
828 654 929 714 ferret.
960 653 1038 717 litte·
1050 662 1062 714 1

92 750 132 793 rae
146 753 259 815 quoque
286 735 325 798 de
351 754 386 798 re
410 754 553 817 prospere
575 745 657 816 gesta
682 737 718 798 ad
742 745 893 809 senatum,
921 755 981 799 uon
1002 738 1039 799 ad

90 816 247 881 dictatorem
280 822 389 881 missae
418 829 624 900 argumentum
653 822 738 882 luere
762 823 885 882 minime
909 839 976 881 cum
1003 840 1038 881 eo

89 905 322 966 communicantis
337 903 448 967 laudes.
478 907 518 966 ita
535 913 615 966 certe
635 904 760 965 dictator
784 904 815 965 id
829 904 940 965 iactum
955 921 1038 964 acee-
1075 920 1084 977 s

90 986 136 1062 pit,
149 994 181 1047 ut
200 987 287 1049 laetis
303 988 369 1049 aliis
382 990 505 1050 victoria
521 998 605 1069 parta
620 1008 692 1068 prae
705 1007 737 1050 se
752 989 931 1051 ierretlram
947 989 1038 1050 tristi·
1074 984 1084 1033 'i

88 1070 210 1150 bamque.
240 1073 334 1134 misso
354 1073 453 1153 itaque
467 1081 598 1154 repente
617 1082 722 1134 senatu
741 1091 773 1135 se
794 1092 831 1135 ex
846 1074 1081 1157 ourlaprori·1t

90 1154 151 1228 pult,
166 1162 227 1216 tum
243 1174 315 1217 vero
326 1174 387 1217 non
402 1158 577 1219 Samnitium
591 1159 686 1236 magis
699 1158 831 1236 legiones
843 1175 931 1236 quarn
947 1158 1038 1217 maie·
1077 1200 1084 1233 ς

89 1241 177 1299 statem
199 1234 389 1302 dictatoriam
412 1248 442 1302 et
462 1240 646 1321 disciplinam
674 1241 830 1303 militarem
853 1260 869 1302 a
896 1243 1038 1320 magistro
1079 1238 1086 1267 l

88 1322 202 1398 eqourum
213 1327 324 1386 victam
337 1333 367 1386 et
382 1344 512 1386 eversam
526 1327 672 1397 dictitans,
685 1327 713 1384 si
724 1324 766 1386 ilii
780 1327 890 1404 inpune
904 1333 1036 1404 spretum
1084 1296 1095 1395 l

88 1402 227 1483 imperium
241 1410 357 1471 luisset.
388 1412 488 1490 itaque
501 1409 607 1490 plenus
620 1410 768 1470 minarum
783 1411 903 1487 iraeque
918 1409 1093 1487 proteo-123,

87 1491 125 1546 lus
143 1491 172 1551 in
193 1501 290 1555 castra
315 1510 383 1556 cum
404 1495 540 1555 maximis
567 1491 724 1554 itineribus
743 1494 829 1562 isset,
855 1499 1035 1551 nontamen
1085 1508 1091 1561 2

87 1579 242 1648 praevenire
257 1577 515 1639 iamamadventus
528 1578 574 1638 sui
585 1577 688 1657 potuit.
713 1581 944 1654 praecurrerant
955 1575 1034 1634 enim
1047 1583 1088 1636 is

87 1651 259 1741 ab'mbequi
273 1663 462 1732 nuntiarent,
479 1661 652 1722 dictatorem
664 1660 780 1721 avidum
796 1675 910 1738 poenae
925 1658 1035 1729 venire,
1079 1678 1087 1733 'x

88 1735 193 1803 alternis
208 1763 306 1824 paene
321 1744 418 1824 verbis
436 1746 470 1807 Τ.
488 1744 589 1807 blanlii
603 1745 713 1806 iactum
728 1742 907 1804 laudantem.
1081 1744 1083 1748 ”

139 1824 236 1890 XXXl.
264 1829 376 1891 Fabius
392 1831 529 1891 contione
550 1829 698 1909 extemplo
720 1827 858 1889 advocata
874 1825 1062 1891 obtestatusl
1085 1830 1092 1909 ξ

87 1904 178 1969 milites
195 1922 252 1984 est,
269 1922 319 1983 ut,
337 1932 395 1993 qua
410 1914 519 1974 virtute
537 1931 601 1974 rem
619 1912 769 1992 publicam
785 1911 821 1973 ab
838 1912 1035 1973 infestissimis
1085 1910 1093 2029 i

87 1983 204 2056 hostibus
218 1996 437 2067 defendissent,
455 1997 557 2059 eadem
573 2014 620 2068 se,
637 1999 721 2059 cuius
735 1998 826 2058 ductu
843 1998 1036 2076 auspicioque

88 2071 222 2151 vicissent,
250 2081 288 2143 ab
309 2083 457 2161 inpotenti
478 2080 651 2142 crudelitate
677 2081 829 2142 dictatoris
849 2088 1034 2141 tutarentur:
1088 2076 1094 2169 ξ

88 2160 174 2221 renue
185 2175 333 2227 amentem
345 2165 462 2236 invidia,
474 2167 582 2228 iratum
589 2165 689 2226 virtuti
701 2165 816 2227 alienae
828 2163 1063 2240 leiicitatique32
1087 2172 1093 2209 ³

88 2236 186 2315 lucere,
208 2250 288 2328 qnod
306 2267 339 2309 se
359 2248 480 2310 absente
500 2247 688 2328 respublica
708 2250 827 2326 egregie
844 2253 926 2325 gesta
942 2253 1034 2315 essem

88 2324 175 2400 malle,
199 2334 224 2392 si
243 2341 361 2395 mutare
381 2333 530 2395 fortunam
546 2341 660 2413 posset,
685 2331 762 2410 apud
780 2331 926 2392 Samnites
947 2338 1045 2410 quam'
1082 2344 1089 2424 ζ

88 2398 219 2477 Romanos
247 2418 404 2479 victorium
432 2434 511 2486 esse:
539 2418 699 2496 imperium
728 2415 864 2476 dictitare
890 2423 1090 2495 spretumo}

90 2491 221 2573 l‹illiquam
239 2519 300 2563 non
319 2501 422 2563 eadem
436 2508 537 2562 mente
551 2503 679 2580 pugnari
693 2501 833 2565 vetuerit,
850 2516 907 2576 qua
921 2516 1033 2578 pugna·

88 2575 140 2634 tum
154 2579 262 2646 doleat:
280 2592 310 2645 et
325 2593 396 2646 tuuc
412 2585 520 2645 invidia
534 2583 670 2661 inpedire
689 2584 828 2642 virtutem
845 2580 970 2641 alienam
984 2598 1034 2639 vo-

89 2649 164 2721 luisse
177 2668 431 2750 cupidissimisque
445 2686 527 2729 erma
542 2665 707 2728 ablaturum
724 2665 815 2726 inisse
830 2662 979 2735 militibus,
996 2680 1034 2723 ue
1073 2724 1080 2743 Ι,

89 2753 116 2796 ⁸0
131 2742 244 2813 absente
265 2754 379 2814 moveri
401 2759 536 2834 possent,
562 2758 592 2812 et
614 2749 740 2812 nuncid
763 2748 879 2819 furere,
901 2746 932 2808 id
946 2748 1080 2835 aegrest}

90 2826 154 2895 lili.
170 2836 246 2910 quod
257 2838 322 2897 sine
335 2836 368 2897 L.
381 2835 500 2916 Papirio
514 2852 574 2899 non
585 2837 730 2905 inermes,
746 2851 807 2895 non
818 2835 915 2895 manci
925 2832 1034 2894 milites
1073 2844 1081 2913 ξ

90 2899 199 2987 fuerim,
220 2920 299 3000 quod
316 2938 349 2982 sc
365 2920 400 2993 Q,
412 2918 522 2982 Fabius
532 2922 707 2998 magistrum
723 2919 854 2999 equitum
871 2918 988 2979 duxerit
999 2933 1034 2976 ac
1074 2920 1083 3009 t

91 3000 307 3067 1¹tuamensem
325 3003 486 3065 dictatoris.
520 3004 590 3085 quid
607 3003 690 3064 illum
706 3003 852 3065 iacturum
871 3002 977 3071 luisse,
997 3001 1031 3068 si,
1045 3010 1078 3091 ιη·

93 3077 159 3146 quod
172 3079 239 3145 beili
251 3102 335 3150 casus
346 3089 447 3150 ierunt
457 3089 593 3169 Marsque
605 3089 786 3157 communis,
801 3084 923 3146 adversa
934 3099 1037 3162 pugna
1060 3106 1069 3169 2'

92 3162 229 3246 erenbset,
245 3174 295 3251 qui
305 3171 361 3232 sibi
378 3171 497 3235 devictis
509 3171 657 3241 hostibus,
673 3168 836 3251 republica
850 3167 927 3228 bene
941 3172 1032 3243 gesta,
1060 3180 1066 3187 ·

92 3243 126 3298 ¹¹³
139 3252 168 3304 ut
180 3262 238 3314 non
253 3252 289 3315 ab
304 3253 356 3321 iila
371 3256 459 3317 unico
472 3255 546 3318 duee
561 3253 667 3316 mellus
681 3255 745 3333 geri
759 3252 904 3332 potuerit,
920 3248 1031 3329 suppli·

93 3318 159 3386 illm
178 3338 314 3415 magistro
337 3341 469 3419 equitum
496 3339 640 3400 mineturl
661 3354 758 3417 neque
784 3332 868 3396 illum
889 3335 1062 3414 magistros

93 3410 209 3497 i§tultum
224 3420 405 3484 infestiorem
418 3440 505 3507 quam
520 3421 647 3484 tribunis
661 3420 802 3491 militum,
823 3437 910 3499 quam
930 3426 1058 3505 centu„

96 3494 226 3572 nauibus,
249 3525 334 3586 quam
356 3505 499 3568 militibus
517 3525 590 3568 esse.
627 3506 780 3586 siposset,
800 3505 832 3564 in
847 3520 949 3565 omues
968 3508 1056 3562 sae*

132 3605 154 3640 '¹'-
170 3611 226 3652 tm
243 3619 310 3658 PAR!
330 3622 362 3660 11.
525 3644 530 3650 ·
809 3594 829 3654 6
