2350 3922
183 204 244 269 318
383 219 476 260 urens
489 218 566 260 xxm.
583 217 650 265 car.
665 204 709 259 bl.
722 195 763 278 [a.
777 221 809 259 u.
824 220 850 261 c.
864 195 923 280 538]

135 364 559 510 &esententiisppuidededos
571 367 1107 466 censuerinuoetecumprppumisceu·
1136 370 1137 373 ’

181 543 214 596 ut
248 554 267 596 u
316 553 346 595 m
1015 534 1021 548 '
1068 497 1105 547 '⁹

140 617 1106 847 &Wadi

181 805 331 856 ancones,
349 803 450 865 quam,
469 785 538 864 quaid
554 786 615 845 veri
631 786 683 854 sit,
702 784 872 846 discernere
886 803 983 866 queas.

188 868 192 872 ’
240 871 357 942 Quanto
379 877 477 931 autem
497 871 592 929 maior
613 887 646 929 ea
663 867 761 930 clades
784 869 985 948 superioribus
1004 864 1106 928 cladibus

182 956 283 1025 suerit,
305 953 350 1014 vei
375 972 408 1014 ea
430 970 479 1014 res
494 952 603 1013 indicio
618 959 674 1030 est,
696 953 777 1028 quod
791 955 869 1029 fides
882 956 1034 1022 sociorum,
1053 968 1106 1030 quae

182 1038 295 1099 adeam
310 1037 388 1098 diem
404 1036 488 1097 tirma
502 1044 637 1106 steterat,
657 1044 719 1101 tum
733 1035 834 1098 iubare
849 1039 958 1117 coepit,
976 1034 1106 1112 nuiIaprc·

182 1123 257 1182 tecto
277 1120 334 1182 alia
358 1120 395 1180 de
416 1137 463 1189 re,
491 1137 578 1199 quam
600 1121 678 1200 quod
699 1120 928 1199 desperaverant
948 1122 983 1182 de
1002 1119 1106 1198 imperio.

140 1212 170 1264 tl
184 1205 319 1265 defecere
341 1213 439 1264 autem
461 1204 498 1264 ad
513 1204 628 1265 Poenos
648 1203 680 1263 bi
700 1204 816 1284 populi:
838 1205 976 1276 Atellani,
1004 1202 1106 1267 Calatini

181 1288 310 1368 Hirpini,
325 1285 486 1367 Apulorum
498 1306 581 1367 pars,
597 1288 744 1349 Samnites
755 1295 874 1368 praeter
885 1290 1014 1359 Pentros,
1028 1283 1106 1349 Bmtdi

141 1379 171 1430 12
184 1390 295 1442 omues,
311 1373 431 1444 Lucam,
445 1387 563 1452 praeter
580 1372 633 1433 bos
649 1372 783 1434 Uzentini
799 1380 828 1433 et
843 1374 1020 1435 Graecorum
1037 1368 1106 1431 omnis

181 1457 278 1517 terme
288 1474 355 1528 ora,
372 1456 534 1526 Tarentini,
545 1457 751 1536 Metapontini,
768 1455 976 1520 Crotonienses
985 1455 1105 1532 Locrique

140 1547 172 1601 13
183 1548 213 1601 et
227 1540 366 1622 Cisalpini
386 1557 490 1602 omnes
505 1539 589 1603 Galli.
626 1557 682 1601 nec
704 1547 802 1601 tamen
819 1559 871 1602 eae
887 1541 985 1603 clades
999 1536 1106 1600 deiectio·

182 1642 293 1705 nosque
306 1626 453 1686 sociorum
468 1632 631 1696 moverunt,
645 1631 679 1686 ut
693 1625 773 1705 pacis
787 1642 929 1704 umquam
942 1625 1045 1687 mentio
1054 1615 1105 1699 apud

181 1708 330 1772 Romanos
350 1710 449 1779 fleret,
479 1727 574 1789 neque
599 1715 667 1770 ante
691 1707 818 1769 consulis
837 1708 963 1770 Romam
984 1708 1105 1771 adveutum

181 1811 237 1854 nec
257 1800 411 1872 postquam
432 1791 561 1854 Isrediit
580 1793 786 1872 renovavitque
806 1793 1106 1867 memoriamacceptu

142 1883 172 1935 14
183 1875 282 1937 cladis.
315 1878 425 1954 quoin
447 1883 581 1955 tempore
604 1878 668 1956 ipso
690 1875 763 1937 adeo
787 1894 894 1956 magno
918 1877 1013 1939 animo
1036 1871 1106 1934 ciuus

181 1960 251 2029 tuit,
266 1967 299 2019 ut
314 1956 427 2019 consuli
443 1977 479 2020 ex
505 1968 584 2020 tanta
611 1959 708 2033 clade,
731 1961 815 2021 cuius
833 1962 898 2041 ipse
914 1979 999 2022 causa
1013 1956 1105 2020 naum

182 2044 298 2114 fuisset,
322 2041 459 2103 redeunti
480 2050 509 2104 et
529 2042 649 2103 obviam·
664 2045 735 2104 itum
757 2044 930 2123 frequenter
952 2045 988 2107 ab
1003 2036 1106 2104 annun

182 2127 334 2191 ordinibus
358 2127 396 2188 sit
416 2134 445 2187 et
464 2128 576 2205 gratiae
596 2132 692 2197 actae,
720 2127 799 2207 quod
825 2127 863 2188 de
885 2147 921 2190 re
942 2126 1050 2209 publica
1067 2132 1105 2212 nott

143 2222 171 2274 te
183 2213 382 2292 desperassem
399 2213 448 2290 qui
465 2211 490 2270 si
502 2209 790 2289 Carthaginiensium
805 2212 912 2275 ductor
927 2213 1036 2281 fuisset,
1057 2196 1105 2266 ubi

181 2296 377 2359 recusandum
393 2293 528 2376 supplicii
544 2293 629 2355 toret.

442 2714 626 2778 custodia
647 2716 748 2778 LIBRI
771 2712 871 2777 XXIII.

252 2881 375 2946 Campum
398 2883 431 2933 ud
448 2882 613 2933 Hannibalem
631 2882 785 2936 deiecerunt.
809 2884 914 2934 nuntius
932 2869 1102 2935 dannenstide·

181 2948 262 2999 toriae
274 2946 348 3012 Mago
362 2948 540 3014 csnhagtnem
556 2964 651 2999 missus
669 2952 759 3003 unuios
776 2965 867 3001 aureos
879 2951 1022 3016 corporibus
1033 2937 1101 3007 ccclii¹

180 3030 237 3068 rum
258 3015 385 3066 detractos
403 3016 571 3068 investibulo
593 3018 676 3066 eurise
692 3017 793 3082 effudit,
815 3033 880 3082 quos
898 3016 1034 3067 excessisse
1049 3021 1068 3056 111

181 3095 327 3134 mensurum
338 3083 454 3138 traditur.
473 3093 616 3150 postquem
629 3087 744 3135 nuntium
755 3086 859 3146 Hanno,
872 3085 910 3136 vir
918 3098 950 3134 ex
959 3078 1042 3132 Poenis
1051 3065 1100 3123 nobi·

181 3151 262 3215 libus,
281 3149 405 3201 suadebat
421 3152 521 3202 senatui
534 3150 792 3217 cambaginieusium,
809 3161 838 3202 ut
854 3165 968 3218 pucemu
979 3134 1101 3215 popul&

181 3230 256 3266 muuo
269 3224 397 3282 petereot3
409 3234 457 3269 uec
468 3219 549 3269 tenuit
564 3219 725 3286 obstrepente
741 3220 849 3282 Barcino
865 3219 979 3270 ductione.
1009 3203 1101 3262 ciendo·

176 3278 313 3332 Marcellus
333 3294 434 3350 praetor
457 3285 597 3336 ud‘Noiam
614 3289 748 3352 eruptione
769 3287 891 3339 adversm
914 3277 1062 3334 Hannibalern
1080 3276 1100 3314 οἳ

178 3347 277 3410 oppido
295 3349 361 3400 Iusta
377 3366 499 3419 prospere
515 3355 647 3419 pugnavit.
673 3354 810 3406 Casilinum
823 3370 839 3406 s
850 3354 941 3405 Poenis
957 3333 1100 3401 obsessumII'

182 3409 249 3458 tame
260 3423 439 3479 ventumst,
451 3430 479 3470 ut
490 3420 544 3471 loru
556 3430 580 3471 et
592 3421 672 3487 peiles
684 3424 764 3473 scutis
777 3423 935 3473 detractasset
946 3394 1100 3489 maresiucldI

181 3485 276 3530 essem.
301 3483 406 3534 nucibus
417 3501 463 3550 per
474 3486 627 3539 Vulturnum
639 3504 740 3552 amnem
752 3506 767 3540 u
779 3490 899 3541 Romanis
910 3483 994 3538 missis
1005 3468 1098 3527 ruem*
