2280 3926
256 235 347 277 1,er
361 236 404 278 rx.
428 236 496 278 cnr.
514 224 556 277 37.
571 223 615 278 38.
635 215 674 297 [a.
691 219 726 279 d.
742 216 803 301 310]
937 225 1011 290 ⁴135
1123 196 1124 205 ἵ

75 380 151 454 ecies,
170 378 295 445 delectas
309 383 447 446 cohortes
468 383 505 444 ad
525 391 679 463 portarum
695 386 788 446 exitus
808 384 1010 450 conlocantur.

81 475 131 528 ato
146 492 197 532 rr
211 486 240 530 re
258 485 337 539 .1‚no
359 468 439 530 aulo
456 475 524 529 ante
538 468 658 542 lucem,
680 468 758 548 quod
778 471 894 532 aestivis
916 473 1038 541 nocti-tt

79 574 83 603 t
249 578 254 606 I
326 578 341 607 li
588 577 594 605 l
668 596 674 605 .
697 598 705 624 5
730 578 735 604 I
765 578 770 607 Ι
833 581 838 608 l
879 596 883 605 .
997 588 1010 603 ι

17 652 18 657 ’
88 634 172 698 itactc
228 643 334 703 aratos
364 655 410 698 as
441 652 459 692 ’ιί
508 655 588 697 srva
620 641 999 706 summonitionem

102 736 131 780 os
145 722 413 783 semisomnosmc
442 746 447 773 ι
495 721 638 792 usmis,
664 721 820 784 maximam
844 729 959 801 partem
974 722 1011 785 ad

70 786 750 886 rrffimands
764 805 898 869 armandi
912 823 945 866 se
959 805 1009 868 da·
1123 854 1124 861 ,

16 954 18 969 ⁴
54 924 55 927 =
71 892 120 948 tum
135 891 255 966 spatium
269 896 327 965 est:
357 906 409 950 eos
425 890 505 968 ipsos
521 907 582 951 non
595 891 712 968 signum
728 897 857 962 certum,
878 905 938 950 non
954 889 1006 951 du·
1019 896 1033 948 1

16 1014 18 1045 4
72 987 123 1032 cem
140 982 293 1054 sequentes
309 972 406 1037 fundit
430 973 593 1045 Romanus,
616 974 790 1053 fugatosque
811 975 1008 1053 persequitur.

16 1068 17 1071 ’
71 1053 99 1135 ad
111 1064 211 1137 metra,
227 1057 265 1119 ad
277 1056 364 1120 siIvcs
378 1057 486 1121 diversi
501 1056 669 1121 tendebant.
696 1057 784 1119 siIvao
799 1060 889 1120 tutius
901 1057 1010 1120 dedere

70 1124 212 1221 refugium,
227 1130 297 1204 nam
316 1143 456 1205 cestram
470 1144 581 1223 campis
595 1144 649 1204 sita
660 1142 764 1205 eodem
779 1142 826 1204 die
843 1144 1017 1223 captuntpq,

70 1237 156 1285 amum
175 1233 391 1306 argentumque
410 1228 522 1290 iussum
541 1225 648 1289 referri
661 1226 699 1288 ad
721 1225 887 1300 consulem,
908 1236 1010 1290 cetera

16 1320 18 1355 ³
69 1309 161 1384 praeda
174 1310 274 1373 militis
294 1310 359 1373 fuit.
389 1328 474 1373 caesa
493 1319 543 1372 aut
557 1317 642 1390 capta
660 1329 694 1372 eo
715 1310 763 1371 die
780 1311 910 1373 hostium
927 1310 1034 1373 miliat
1123 1366 1124 1371 ,

69 1389 98 1449 ed
113 1395 264 1472 sexaginta.
299 1413 365 1457 eam
387 1402 446 1457 tam
468 1394 579 1455 claram
597 1410 727 1472 pugnam
748 1399 830 1454 trans
850 1391 1009 1457 Ciminiam
1123 1458 1124 1461 ,

16 1530 17 1533 ,
68 1471 151 1538 stram
164 1478 200 1540 ad
209 1480 363 1545 Perusiam
377 1486 536 1559 pugnatam
548 1478 666 1557 quidam
688 1485 824 1538 auctores
841 1485 923 1548 sunt,
944 1495 1006 1538 me·

16 1592 18 1621 t
69 1561 185 1638 tuquein
198 1581 308 1643 magno
323 1565 469 1624 civitatem
492 1562 597 1630 fuisse,
615 1579 653 1623 ne
675 1559 853 1643 interclusus
864 1562 1010 1621 exercitus
1039 1561 1043 1567 ’

68 1645 117 1703 um
136 1646 238 1708 infesto
260 1644 337 1709 saltu
361 1649 471 1709 coortis
490 1646 620 1726 undique
640 1645 745 1706 'fuscis
759 1643 938 1724 Umbrisque
957 1661 1008 1724 op·

16 1784 17 1787 ,
68 1727 235 1802 primeretur.
271 1731 323 1793 sed
347 1730 524 1810 ubicumque
546 1736 708 1810 pugnatum
728 1728 1051 1799 semronmaron

16 1822 18 1889 s
67 1815 184 1889 superior
197 1816 261 1877 fuit.
292 1816 390 1895 itaque
405 1814 553 1876 aPerusia
567 1822 598 1876 et
608 1815 735 1877 Cortona
750 1821 780 1874 et
789 1814 921 1882 Arretio,
934 1831 1010 1894 quae
1123 1870 1124 1873 ,

16 1952 18 1955 ,
66 1890 146 1958 ferme
160 1901 254 1979 capitu
268 1898 405 1961 Etruriae
419 1897 596 1979 populorum
611 1917 646 1960 ea
659 1904 834 1977 tempestate
848 1905 946 1970 erant,
967 1897 1009 1959 Ie·
1069 1919 1071 1924 ⁴

67 1980 115 2052 qni
136 2000 236 2060 pacem
259 1983 422 2063 foedusque
442 1983 479 2044 ab
503 1983 643 2045 Romanis
667 1989 802 2062 petentes
826 1984 955 2045 indutias
979 1983 1009 2043 In

66 2061 169 2140 triginta
182 2085 276 2130 annos
290 2069 531 2147 impetraverunt.

117 2147 262 2213 XXXVIII.
290 2151 371 2215 Dum
381 2151 456 2213 haec
469 2153 501 2212 in
513 2151 631 2213 Etruria
646 2161 804 2229 geruntur,
822 2148 926 2210 consul
937 2147 1011 2209 alter
1024 2155 1036 2204 1

67 2224 222 2297 internus
235 2233 354 2298 Rutilus
372 2235 475 2298 ninias
494 2235 532 2297 de
553 2235 734 2296 Samnitibus
752 2237 781 2295 vi
800 2234 888 2310 cepit
917 2229 1010 2293 multa
1123 2290 1124 2293 ,

66 2307 244 2381 damnetis
264 2319 381 2398 vicique
406 2328 457 2381 aut
476 2318 571 2381 deleta
594 2317 742 2380 hostiliter
761 2323 812 2378 aut
834 2317 953 2394 integra
978 2316 1010 2376 in
1123 2378 1124 2383 ,

66 2397 223 2470 potestatem
237 2421 357 2469 venere.
387 2403 535 2482 peridem
549 2411 667 2481 tempus
682 2408 711 2463 et
727 2400 828 2462 classis
843 2399 974 2462 Romane
992 2407 1038 2460 aa

66 2473 93 2536 P·
106 2481 250 2559 Cornelio,
266 2505 355 2566 quem
368 2494 487 2549 senatus
501 2487 666 2548 maritimae
679 2503 750 2546 orae
763 2484 965 2565 praefecerat,
979 2485 1011 2545 in

66 2559 240 2644 Campaniam
255 2579 321 2632 acta
339 2589 408 2633 cum
429 2569 551 2650 adpulsa
568 2568 726 2646 Pompeios
739 2574 830 2636 essct,
853 2568 926 2626 socii
940 2566 1011 2627 inde
1044 2644 1046 2649 s

67 2649 168 2725 opines
174 2655 210 2715 ad
217 2655 456 2735 depopulandum
464 2671 568 2732 agrum
574 2651 755 2713 Nucerinum
762 2649 898 2731 profecti,
910 2650 1011 2730 proxi·

67 2726 113 2790 mis
131 2740 234 2815 raptim
255 2734 388 2809 vastatis,
418 2738 497 2808 unde
517 2734 630 2798 reditus
646 2738 733 2811 tuuis
754 2735 791 2796 ad
812 2748 902 2795 nares
924 2742 1010 2807 esset

67 2808 214 2893 duocimo,
224 2830 259 2885 ut
268 2823 308 2894 fit,
324 2821 453 2903 praedae
462 2822 578 2901 longius
588 2822 740 2901 progressi
751 2821 887 2882 emisere
900 2820 1010 2882 hostes.

68 2895 157 2972 palatis
169 2923 224 2985 per
239 2924 326 2986 agros
341 2925 429 2969 nemo
445 2906 549 2971 obrius
568 2906 638 2977 fuit,
660 2924 728 2969 cum
744 2905 899 2968 occidIoue
914 2903 1038 2967 occidit
1123 2942 1124 2945 κ

68 2990 186 3059 possem
209 2990 367 3053 redeuntes
387 2993 505 3070 agmine
526 2992 646 3053 incauto
666 2990 745 3053 hand
765 2988 871 3069 procul
889 2987 1012 3057 navibus

68 3059 185 3132 ldsccuti
200 3082 330 3154 agrestes
345 3083 490 3137 exuerunt
507 3074 632 3155 praeda,
653 3083 770 3153 partem
792 3074 881 3134 etiam
895 3070 1011 3133 occtde·

68 3156 239 3297 rllltitulquae
264 3159 411 3238 superfuit
426 3159 519 3220 ¹caedi
545 3157 661 3237 trepida
685 3155 842 3218 multitudo
866 3155 903 3216 ad
923 3172 1012 3215 navos

69 3242 134 3312 ⁰⁰11p
164 3255 194 3300 sa
208 3249 261 3304 ost.

120 3316 259 3387 Profectio
283 3326 319 3399 Q.
344 3325 429 3388 Fabii
453 3333 536 3387 trans
562 3322 718 3391 GIminiam
741 3322 842 3385 silvam
870 3329 1040 3403 quantumi

70 3389 169 3464 Romae
184 3415 329 3472 terrorem
343 3410 469 3482 fecerat,
492 3418 553 3472 tam
568 3408 675 3473 laetam
689 3408 798 3470 famam
812 3409 845 3470 in
859 3408 1011 3471 Samnium

71 3476 340 3568 edisseruerat,
364 3495 558 3558 interclusum
573 3493 739 3558 Romanum
755 3495 917 3556 exercitum
933 3491 1012 3555 ohsi-
