2290 3920
275 226 367 268 menn
383 227 459 267 1111.
476 225 544 267 oar.
561 213 586 268 3.
603 216 628 268 4.
645 205 683 288 [a.
702 209 734 270 Ο.
751 207 812 289 217]
955 212 1015 274 2113

62 375 155 435 omnia
173 391 208 434 ac
223 391 425 453 praepropere
439 380 582 445 acturum.
622 393 737 455 quoque
753 375 875 455 pronior
894 382 971 437 esset
985 376 1017 435 in

63 458 124 517 sitia
145 475 214 529 sua,
238 457 350 534 agitare
374 475 440 518 eum
470 464 557 537 atque
581 459 703 519 inritare
724 459 841 521 Poenus
862 465 961 538 parat,
989 465 1044 519 eto

61 536 137 601 laeva
157 538 267 602 relicto
286 539 371 601 hoste
392 539 529 602 Faesulas
554 551 657 620 petens
677 542 773 603 medio
794 543 929 605 Etruriae
944 560 1015 620 agro

10 642 12 673 2
60 624 231 703 praedatum
245 624 397 705 proiectus
411 630 550 704 quantam
565 629 720 688 maximam
741 629 904 688 vastitatem
921 634 1017 705 potest

59 707 194 771 caedibus
210 707 415 788 incendiisque
431 707 545 770 consuli
560 711 662 789 procul
677 711 812 773 ostendit.
845 709 1042 780 Flaminiust
1134 720 1135 791 ζ

11 850 12 853 ,
60 793 106 870 qul
120 810 158 853 ne
174 794 278 872 quieto
293 793 412 872 quidem
426 792 510 854 boste
524 794 588 872 ipse
597 797 749 874 quieturus
765 802 842 864 erat,
861 800 923 854 tum
936 811 1015 863 sero,
1134 816 1135 823 ¹

60 883 211 955 postquam
225 895 275 937 res
288 878 435 939 sociorum
448 885 515 937 ante
527 877 627 940 oculos
638 897 731 959 prope
743 897 812 940 suos
826 878 899 938 ferri
912 878 1017 958 agique

60 957 131 1030 vidit,
145 978 234 1021 suum
247 959 277 1020 id
285 960 413 1020 dedecus
424 969 514 1031 ratus,
530 979 583 1040 per
595 963 721 1024 mediam
734 964 791 1023 iam
798 961 911 1023 ltaliam
918 962 1017 1039 vagari

11 1056 12 1059 ’
60 1040 185 1104 Poenum
201 1053 293 1124 atque
305 1043 466 1106 obsistente
480 1043 560 1121 nullo
575 1047 610 1107 ad
624 1048 687 1126 ipsa
698 1047 830 1108 Romana
845 1046 961 1113 moenia
972 1046 1016 1105 ire
1134 1084 1135 1121 3

10 1174 12 1179 .
60 1129 272 1206 oppugnanda,
296 1129 402 1188 ceteris
424 1129 560 1190 omnibus
575 1132 606 1190 in
624 1131 745 1192 consilio
769 1129 908 1192 salutaria
924 1130 1045 1209 magisss
1134 1138 1135 1187 ;

60 1226 139 1287 pam
162 1214 301 1292 speciosa
327 1211 531 1275 suadentibus:
557 1213 699 1293 collegam
727 1214 957 1293 expectandum,
984 1221 1017 1274 ut
1034 1227 1043 1275 1
1134 1242 1135 1279 1

10 1366 11 1371 ἵ
61 1296 223 1356 coniunctis
244 1295 440 1367 exercitibus,
464 1300 612 1358 communi
635 1299 732 1358 animo
753 1297 934 1378 consilioque
951 1308 1045 1363 rem
1134 1294 1135 1371 ἒ

61 1387 206 1453 gererent,
238 1381 358 1441 interim
388 1381 517 1458 equitatu
543 1379 716 1460 auxiliisque
740 1381 846 1441 levium
866 1368 1046 1447 armorum?
1134 1414 1135 1467 3

61 1458 93 1519 ab
111 1462 204 1524 effusa
223 1463 389 1543 praedandi
412 1458 529 1524 licentia
550 1463 666 1525 bostem
688 1463 902 1533 cohibendum,
924 1465 1016 1525 iratus
1040 1520 1044 1527 .

60 1557 89 1602 se
103 1562 138 1606 ex
152 1546 280 1608 consilio
289 1548 449 1627 proripuit,
467 1548 642 1627 signumque
656 1546 743 1608 simul
758 1547 872 1611 itineris
886 1563 1016 1625 pugnae·

60 1643 111 1704 que
129 1647 196 1691 oum
211 1633 427 1708 proposuisset,
449 1677 468 1701 ‚,
476 1632 567 1691 immo
580 1631 678 1692 Arreti
694 1637 761 1691 ante
782 1629 898 1691 moenia
914 1629 1014 1690 sedea-

61 1720 146 1770 mus“
160 1716 274 1794 inquit,
291 1714 366 1785 „hic
378 1716 456 1774 enim
473 1714 567 1793 patria
582 1722 611 1775 et
624 1719 746 1794 penates
761 1721 838 1775 sunt.
869 1712 1016 1774 Hannibal

60 1795 176 1857 emissus
199 1817 216 1859 e
242 1796 378 1858 manibus
397 1796 609 1877 perpopuletur
630 1797 741 1859 ltaliam
768 1797 967 1877 vastandoque
988 1805 1018 1859 et
1057 1854 1058 1857 ,

60 1879 167 1940 urendo
181 1882 283 1943 omnia
300 1880 339 1942 ad
350 1880 481 1943 Romana
496 1883 612 1943 moenia
626 1883 793 1961 perveniat,
807 1899 863 1943 neo
878 1888 945 1944 ante
961 1901 1017 1944 nos
1060 1954 1064 1961 ι

61 1954 124 2021 binc
143 1965 340 2035 moverimus,
364 1983 466 2043 quam,
497 1968 573 2026 sicut
597 1965 667 2027 olim
690 1965 844 2028 Camillum
870 1965 906 2026 ab
928 1966 1014 2037 Veiis,
1061 1980 1068 2045 v3

10 2048 12 2059 ³
61 2040 282 2109 (1.113111111111111
304 2047 340 2109 ab
354 2048 471 2109 Arretio
491 2058 591 2128 patres
611 2050 802 2111 asciverint.⁴‘
833 2049 908 2110 haec
927 2049 1069 2131 simois}
1134 2064 1135 2067 ’

60 2123 212 2208 increpans
227 2150 295 2192 cum
311 2132 392 2201 oclus
406 2133 488 2210 signa
504 2133 627 2194 convelli
638 2134 755 2196 iuberet
767 2141 798 2194 et
809 2135 872 2213 ipse
883 2135 914 2193 in
930 2151 1014 2193 ecum
1063 2136 1068 2199 1
1134 2138 1135 2167 ³

60 2207 230 2287 insiluisset,
249 2233 318 2276 ecus
335 2222 458 2294 repente
474 2219 590 2277 conruit
608 2216 819 2296 consulemque
833 2215 948 2294 lapsum
965 2234 1013 2276 su·

62 2301 111 2379 per
124 2307 213 2377 caput
234 2298 345 2361 effudit.
372 2299 483 2359 territis
499 2298 650 2370 omnibus,
668 2303 718 2380 qui
733 2302 812 2360 circa
827 2306 920 2370 erant,
935 2299 1038 2361 relutl
1061 2318 1063 2321 ¹
1134 2334 1135 2337 =

62 2371 140 2438 foedo
149 2385 249 2444 omine
262 2381 447 2462 incipiendae
459 2384 503 2443 rei
516 2384 637 2462 insuper
648 2383 923 2460 nuntiatursignum
935 2386 1016 2444 omni
1042 2406 1043 2409 ¹

63 2457 85 2515 11
100 2462 239 2527 moliente
256 2466 397 2546 signifero
411 2465 534 2527 convelli
549 2467 681 2547 nequire.
713 2484 872 2528 conversus
886 2467 922 2527 ad
936 2485 1011 2528 nnn·
1026 2477 1036 2526 1
1134 2490 1135 2493 ¹

62 2540 128 2604 tium
148 2567 247 2617 „num
268 2550 380 2611 litteras
401 2559 544 2629 quoque“
565 2552 661 2629 inquit
689 2549 753 2622 „ab
774 2556 878 2610 senatu
904 2551 1012 2620 adlers,

63 2639 189 2699 1111131113
201 2653 266 2695 rem
278 2652 383 2713 gerere
394 2634 509 2694 13131111
524 2634 585 2706 abi,
601 2636 718 2706 nuntia,
735 2632 874 2694 effodiant
887 2635 1013 2712 signum,
1053 2634 1057 2639 ‘
1134 2636 1135 2639 ’

10 2778 11 2785 ¹
63 2707 136 2770 siad
157 2718 381 2793 conpellendum
400 2735 504 2779 manus
524 2736 599 2798 prae.
616 2726 697 2780 metu
715 2717 931 2796 obtorpuerit.“
965 2720 1037 2778 in·1
1134 2750 1135 2759 1

63 2792 161 2885 sedere
180 2800 249 2862 inde
269 2820 377 2881 agmen
397 2803 495 2882 coepit
510 2802 704 2882 primoribus,
726 2819 816 2881 super
831 2820 919 2881 quam
934 2803 1012 2883 quod
1134 2846 1135 2853 1

65 2868 255 2971 dissenserant
272 2886 311 2946 ab
331 2884 469 2956 consilio,
493 2889 604 2948 territis
623 2890 711 2948 etiam
738 2885 847 2965 duplici
867 2887 1011 2965 prodigio,
1048 2896 1051 2903 ’
1134 2938 1135 2955 ,

64 2957 188 3028 utitem
199 2969 303 3048 vulgus
314 2969 390 3031 laeto
404 2970 515 3032 ferocia
531 2971 620 3042 ducis,
638 2990 705 3033 cum
716 2989 800 3050 spem
811 2973 904 3048 magis
918 2973 1013 3050 ipsam

64 3052 145 3114 (1111111
160 3068 277 3114 causam
293 3055 357 3133 spei
371 3056 544 3116 intueretur.
1116 3084 1117 3087 ¹
1134 3116 1135 3121 ,

120 3126 164 3192 IV.
202 3136 348 3198 llannibal
371 3137 449 3217 quod
472 3141 535 3217 agri
563 3146 608 3198 est
627 3141 706 3198 inter
727 3136 885 3198 Cortonam
906 3135 1037 3196 urbemi

64 3198 347 3301 Trasumennumque
360 3221 456 3283 lacum
474 3224 555 3283 omni
575 3220 658 3283 clade
672 3219 742 3281 belli
765 3227 926 3300 pervastat‚
952 3238 1010 3300 quo

65 3296 148 3387 1111111
162 3301 236 3364 iram
253 3305 331 3366 hosti
346 3305 381 3366 ad
396 3305 585 3368 vindicandas
605 3307 752 3366 sociorum
771 3305 894 3365 iniurias
915 3313 1009 3366 acuat.
1134 3366 1135 3369 ,

66 3375 153 3440 etiam
166 3397 360 3462 pervenerant
374 3390 410 3451 ad
425 3388 489 3450 loca
502 3400 569 3451 nata
580 3388 708 3460 insidiis,
724 3387 775 3449 ubi
788 3389 915 3450 maxime
926 3398 1038 3449 mon-2
1134 3406 1135 3449 3

66 3453 104 3512 ‘⁰⁸
121 3459 311 3532 Cortonenses
334 3470 394 3553 [in]
412 3473 631 3537 Trasumennus
649 3472 735 3534 subit.
771 3475 815 3535 via
830 3480 943 3535 tantum
963 3474 1009 3533 in·
