<?xml version="1.0" encoding="UTF-8"?>
<!DOCTYPE html PUBLIC "-//W3C//DTD XHTML 1.0 Transitional//EN"
    "http://www.w3.org/TR/xhtml1/DTD/xhtml1-transitional.dtd">
<html xmlns="http://www.w3.org/1999/xhtml" xml:lang="en" lang="en">
 <head>
  <title>
</title>
<meta http-equiv="Content-Type" content="text/html;charset=utf-8" />
  <meta name='ocr-system' content='tesseract 3.04.00' />
  <meta name='ocr-capabilities' content='ocr_page ocr_carea ocr_par ocr_line ocrx_word'/>
</head>
<body>
  <div class='ocr_page' id='page_1' title='image "./aburbeconditali11livygoog_0123.png"; bbox 0 0 2280 3926; ppageno 0'>
   <div class='ocr_carea' id='block_1_1' title="bbox 165 180 966 285">
    <p class='ocr_par' dir='ltr' id='par_1_1' title="bbox 165 180 966 285">
     <span class='ocr_line' id='line_1_1' title="bbox 165 180 966 285; baseline -0.02 -10"><span class='ocrx_word' id='word_1_1' title='bbox 165 215 227 275; x_wconf 82' lang='lat'>114</span> <span class='ocrx_word' id='word_1_2' title='bbox 312 224 406 268; x_wconf 81' lang='lat' dir='ltr'>maus</span> <span class='ocrx_word' id='word_1_3' title='bbox 419 225 462 266; x_wconf 85' lang='lat' dir='ltr'>rx.</span> <span class='ocrx_word' id='word_1_4' title='bbox 480 224 548 267; x_wconf 77' lang='lat' dir='ltr'>car.</span> <span class='ocrx_word' id='word_1_5' title='bbox 569 210 612 265; x_wconf 86' lang='lat'>18.</span> <span class='ocrx_word' id='word_1_6' title='bbox 629 210 669 264; x_wconf 83' lang='grc'>19.</span> <span class='ocrx_word' id='word_1_7' title='bbox 687 202 726 285; x_wconf 84' lang='lat' dir='ltr'>[a.</span> <span class='ocrx_word' id='word_1_8' title='bbox 741 226 772 266; x_wconf 94' lang='lat' dir='ltr'>u.</span> <span class='ocrx_word' id='word_1_9' title='bbox 789 226 814 266; x_wconf 91' lang='lat' dir='ltr'>c.</span> <span class='ocrx_word' id='word_1_10' title='bbox 830 211 891 264; x_wconf 80' lang='grc'><strong>435.</strong></span> <span class='ocrx_word' id='word_1_11' title='bbox 905 180 966 285; x_wconf 73' lang='lat' dir='ltr'>aad]</span> 
     </span>
    </p>
   </div>
   <div class='ocr_carea' id='block_1_2' title="bbox 15 370 1130 3570">
    <p class='ocr_par' dir='ltr' id='par_1_2' title="bbox 15 370 1130 3570">
     <span class='ocr_line' id='line_1_2' title="bbox 163 370 1097 454; baseline -0.006 -18"><span class='ocrx_word' id='word_1_12' title='bbox 163 378 223 436; x_wconf 92' lang='lat' dir='ltr'>sint</span> <span class='ocrx_word' id='word_1_13' title='bbox 232 373 432 436; x_wconf 88' lang='lat' dir='ltr'>mirabiliores</span> <span class='ocrx_word' id='word_1_14' title='bbox 443 392 531 454; x_wconf 91' lang='lat' dir='ltr'>quam</span> <span class='ocrx_word' id='word_1_15' title='bbox 546 373 712 436; x_wconf 74' lang='lat' dir='ltr'>Alexander</span> <span class='ocrx_word' id='word_1_16' title='bbox 724 381 774 436; x_wconf 86' lang='lat' dir='ltr'>aut</span> <span class='ocrx_word' id='word_1_17' title='bbox 783 374 935 453; x_wconf 87' lang='lat' dir='ltr'>quisquam</span> <span class='ocrx_word' id='word_1_18' title='bbox 945 387 1008 439; x_wconf 86' lang='lat' dir='ltr'>rex,</span> <span class='ocrx_word' id='word_1_19' title='bbox 1023 370 1097 432; x_wconf 90' lang='lat' dir='ltr'>denos</span> 
     </span>
     <span class='ocr_line' id='line_1_3' title="bbox 164 455 1098 539; baseline -0.003 -20"><span class='ocrx_word' id='word_1_20' title='bbox 164 460 340 539; x_wconf 84' lang='lat' dir='ltr'>vicenosque</span> <span class='ocrx_word' id='word_1_21' title='bbox 354 458 418 519; x_wconf 89' lang='lat' dir='ltr'>dies</span> <span class='ocrx_word' id='word_1_22' title='bbox 434 459 553 538; x_wconf 90' lang='lat' dir='ltr'>quidam</span> <span class='ocrx_word' id='word_1_23' title='bbox 570 459 759 524; x_wconf 88' lang='lat' dir='ltr'>dictaturam,</span> <span class='ocrx_word' id='word_1_24' title='bbox 782 474 869 518; x_wconf 90' lang='lat' dir='ltr'>nemo</span> <span class='ocrx_word' id='word_1_25' title='bbox 886 455 951 535; x_wconf 90' lang='lat' dir='ltr'>plus</span> <span class='ocrx_word' id='word_1_26' title='bbox 966 474 1045 536; x_wconf 93' lang='lat' dir='ltr'>quam</span> <span class='ocrx_word' id='word_1_27' title='bbox 1058 473 1098 516; x_wconf 89' lang='lat' dir='ltr'>an·</span> 
     </span>
     <span class='ocr_line' id='line_1_4' title="bbox 123 538 1099 622; baseline -0.005 -19"><span class='ocrx_word' id='word_1_28' title='bbox 123 551 235 604; x_wconf 78' lang='lat' dir='ltr'>lanum</span> <span class='ocrx_word' id='word_1_29' title='bbox 251 542 436 605; x_wconf 92' lang='lat' dir='ltr'>consulatum</span> <span class='ocrx_word' id='word_1_30' title='bbox 447 544 556 622; x_wconf 65' lang='lat' dir='ltr'>gessit}</span> <span class='ocrx_word' id='word_1_31' title='bbox 569 540 607 609; x_wconf 92' lang='lat' dir='ltr'>ab</span> <span class='ocrx_word' id='word_1_32' title='bbox 613 541 742 603; x_wconf 90' lang='lat' dir='ltr'>tribunis</span> <span class='ocrx_word' id='word_1_33' title='bbox 752 539 848 622; x_wconf 90' lang='lat' dir='ltr'>plebis</span> <span class='ocrx_word' id='word_1_34' title='bbox 865 540 986 602; x_wconf 86' lang='lat' dir='ltr'>dilectus</span> <span class='ocrx_word' id='word_1_35' title='bbox 996 538 1099 618; x_wconf 83' lang='lat' dir='ltr'>inpediti</span> 
     </span>
     <span class='ocr_line' id='line_1_5' title="bbox 163 625 1097 709; baseline -0.005 -20"><span class='ocrx_word' id='word_1_36' title='bbox 163 636 248 697; x_wconf 87' lang='lat' dir='ltr'>sunt;</span> <span class='ocrx_word' id='word_1_37' title='bbox 257 637 447 709; x_wconf 90' lang='lat' dir='ltr'>posttempus</span> <span class='ocrx_word' id='word_1_38' title='bbox 459 625 580 688; x_wconf 89' lang='lat' dir='ltr'>adbella</span> <span class='ocrx_word' id='word_1_39' title='bbox 594 627 710 696; x_wconf 88' lang='lat' dir='ltr'>ierunt;</span> <span class='ocrx_word' id='word_1_40' title='bbox 726 634 794 688; x_wconf 85' lang='lat' dir='ltr'>ante</span> <span class='ocrx_word' id='word_1_41' title='bbox 811 633 927 705; x_wconf 91' lang='lat' dir='ltr'>tempus</span> <span class='ocrx_word' id='word_1_42' title='bbox 936 625 1097 686; x_wconf 82' lang='lat' dir='ltr'>comitiorum</span> 
     </span>
     <span class='ocr_line' id='line_1_6' title="bbox 163 709 1098 790; baseline -0.007 -18"><span class='ocrx_word' id='word_1_43' title='bbox 163 730 250 775; x_wconf 89' lang='lat' dir='ltr'>causa</span> <span class='ocrx_word' id='word_1_44' title='bbox 271 712 401 774; x_wconf 83' lang='lat' dir='ltr'>revocati</span> <span class='ocrx_word' id='word_1_45' title='bbox 423 719 507 779; x_wconf 86' lang='lat' dir='ltr'>sunt;</span> <span class='ocrx_word' id='word_1_46' title='bbox 531 712 564 771; x_wconf 93' lang='lat' dir='ltr'>in</span> <span class='ocrx_word' id='word_1_47' title='bbox 582 712 647 790; x_wconf 91' lang='lat' dir='ltr'>ipso</span> <span class='ocrx_word' id='word_1_48' title='bbox 662 719 770 772; x_wconf 87' lang='lat' dir='ltr'>conatu</span> <span class='ocrx_word' id='word_1_49' title='bbox 781 728 883 771; x_wconf 91' lang='lat' dir='ltr'>rerum</span> <span class='ocrx_word' id='word_1_50' title='bbox 903 709 1065 786; x_wconf 87' lang='lat' dir='ltr'>circumegit</span> <span class='ocrx_word' id='word_1_51' title='bbox 1074 724 1098 766; x_wconf 87' lang='lat' dir='ltr'>sc</span> 
     </span>
     <span class='ocr_line' id='line_1_7' title="bbox 121 792 1097 874; baseline -0.005 -19"><span class='ocrx_word' id='word_1_52' title='bbox 121 803 153 856; x_wconf 81' lang='lat'>15</span> <span class='ocrx_word' id='word_1_53' title='bbox 164 814 273 866; x_wconf 81' lang='lat' dir='ltr'>annus:</span> <span class='ocrx_word' id='word_1_54' title='bbox 290 794 420 874; x_wconf 79' lang='lat' dir='ltr'>collegae</span> <span class='ocrx_word' id='word_1_55' title='bbox 432 813 512 857; x_wconf 89' lang='lat' dir='ltr'>nunc</span> <span class='ocrx_word' id='word_1_56' title='bbox 522 797 675 857; x_wconf 80' lang='lat' dir='ltr'><strong>temeritas</strong></span> <span class='ocrx_word' id='word_1_57' title='bbox 688 813 768 856; x_wconf 88' lang='lat' dir='ltr'>nune</span> <span class='ocrx_word' id='word_1_58' title='bbox 782 796 910 873; x_wconf 85' lang='lat' dir='ltr'>pravitas</span> <span class='ocrx_word' id='word_1_59' title='bbox 921 792 1097 873; x_wconf 80' lang='lat' dir='ltr'>inpedimento</span> 
     </span>
     <span class='ocr_line' id='line_1_8' title="bbox 162 877 1097 958; baseline -0.001 -14"><span class='ocrx_word' id='word_1_60' title='bbox 162 888 212 944; x_wconf 89' lang='lat' dir='ltr'>aut</span> <span class='ocrx_word' id='word_1_61' title='bbox 226 881 334 943; x_wconf 92' lang='lat' dir='ltr'>damno</span> <span class='ocrx_word' id='word_1_62' title='bbox 347 880 416 949; x_wconf 87' lang='lat' dir='ltr'>iuit;</span> <span class='ocrx_word' id='word_1_63' title='bbox 432 879 509 942; x_wconf 90' lang='lat' dir='ltr'>male</span> <span class='ocrx_word' id='word_1_64' title='bbox 524 880 614 958; x_wconf 85' lang='lat' dir='ltr'>gestis</span> <span class='ocrx_word' id='word_1_65' title='bbox 628 879 718 941; x_wconf 90' lang='lat' dir='ltr'>rebus</span> <span class='ocrx_word' id='word_1_66' title='bbox 733 877 853 940; x_wconf 87' lang='lat' dir='ltr'>alterius</span> <span class='ocrx_word' id='word_1_67' title='bbox 876 895 1038 940; x_wconf 90' lang='lat' dir='ltr'>successum</span> <span class='ocrx_word' id='word_1_68' title='bbox 1052 882 1097 942; x_wconf 66' lang='lat' dir='ltr'>esu</span> 
     </span>
     <span class='ocr_line' id='line_1_9' title="bbox 161 962 1096 1044; baseline -0.004 -20"><span class='ocrx_word' id='word_1_69' title='bbox 161 966 289 1027; x_wconf 91' lang='lat' dir='ltr'>tironem</span> <span class='ocrx_word' id='word_1_70' title='bbox 305 973 355 1027; x_wconf 93' lang='lat' dir='ltr'>aut</span> <span class='ocrx_word' id='word_1_71' title='bbox 371 962 448 1026; x_wconf 89' lang='lat' dir='ltr'>mala</span> <span class='ocrx_word' id='word_1_72' title='bbox 462 963 616 1044; x_wconf 83' lang='lat' dir='ltr'>disciplina</span> <span class='ocrx_word' id='word_1_73' title='bbox 635 965 801 1027; x_wconf 88' lang='lat' dir='ltr'>institutum</span> <span class='ocrx_word' id='word_1_74' title='bbox 817 962 977 1024; x_wconf 83' lang='lat' dir='ltr'>exercitum</span> <span class='ocrx_word' id='word_1_75' title='bbox 998 975 1096 1040; x_wconf 88' lang='lat' dir='ltr'>accepe-</span> 
     </span>
     <span class='ocr_line' id='line_1_10' title="bbox 120 1043 1096 1127; baseline -0.006 -19"><span class='ocrx_word' id='word_1_76' title='bbox 120 1056 243 1113; x_wconf 82' lang='lat' dir='ltr'>ldrunt.</span> <span class='ocrx_word' id='word_1_77' title='bbox 282 1056 312 1111; x_wconf 96' lang='lat' dir='ltr'>at</span> <span class='ocrx_word' id='word_1_78' title='bbox 338 1047 459 1110; x_wconf 79' lang='lat' dir='ltr'>hercule</span> <span class='ocrx_word' id='word_1_79' title='bbox 485 1066 571 1127; x_wconf 90' lang='lat' dir='ltr'>reges</span> <span class='ocrx_word' id='word_1_80' title='bbox 595 1065 656 1109; x_wconf 90' lang='lat' dir='ltr'>non</span> <span class='ocrx_word' id='word_1_81' title='bbox 680 1048 767 1109; x_wconf 89' lang='lat' dir='ltr'>liberi</span> <span class='ocrx_word' id='word_1_82' title='bbox 793 1046 890 1110; x_wconf 93' lang='lat' dir='ltr'>solnm</span> <span class='ocrx_word' id='word_1_83' title='bbox 914 1043 1096 1125; x_wconf 86' lang='lat' dir='ltr'>inpedimentis</span> 
     </span>
     <span class='ocr_line' id='line_1_11' title="bbox 161 1127 1095 1212; baseline -0.006 -19"><span class='ocrx_word' id='word_1_84' title='bbox 161 1131 312 1204; x_wconf 88' lang='lat' dir='ltr'>omnibus,</span> <span class='ocrx_word' id='word_1_85' title='bbox 329 1131 382 1193; x_wconf 91' lang='lat' dir='ltr'>sed</span> <span class='ocrx_word' id='word_1_86' title='bbox 398 1131 509 1193; x_wconf 91' lang='lat' dir='ltr'>domini</span> <span class='ocrx_word' id='word_1_87' title='bbox 524 1151 626 1194; x_wconf 91' lang='lat' dir='ltr'>rerum</span> <span class='ocrx_word' id='word_1_88' title='bbox 648 1141 874 1212; x_wconf 83' lang='lat' dir='ltr'>temporumque</span> <span class='ocrx_word' id='word_1_89' title='bbox 889 1132 1008 1194; x_wconf 89' lang='lat' dir='ltr'>trahunt</span> <span class='ocrx_word' id='word_1_90' title='bbox 1020 1127 1095 1190; x_wconf 83' lang='lat' dir='ltr'>cend-</span> 
     </span>
     <span class='ocr_line' id='line_1_12' title="bbox 121 1214 1095 1294; baseline -0.007 -16"><span class='ocrx_word' id='word_1_91' title='bbox 121 1224 134 1278; x_wconf 87' lang='lat' dir='ltr'>l</span> <span class='ocrx_word' id='word_1_92' title='bbox 171 1218 208 1277; x_wconf 88' lang='lat' dir='ltr'>iis</span> <span class='ocrx_word' id='word_1_93' title='bbox 225 1224 347 1287; x_wconf 88' lang='lat' dir='ltr'>cuneta,</span> <span class='ocrx_word' id='word_1_94' title='bbox 368 1233 427 1277; x_wconf 93' lang='lat' dir='ltr'>non</span> <span class='ocrx_word' id='word_1_95' title='bbox 451 1225 600 1279; x_wconf 87' lang='lat' dir='ltr'>secuntur.</span> <span class='ocrx_word' id='word_1_96' title='bbox 635 1217 759 1278; x_wconf 86' lang='lat' dir='ltr'>invictus</span> <span class='ocrx_word' id='word_1_97' title='bbox 780 1234 850 1294; x_wconf 91' lang='lat' dir='ltr'>ergo</span> <span class='ocrx_word' id='word_1_98' title='bbox 869 1214 1029 1278; x_wconf 76' lang='lat' dir='ltr'>Alexander</span> <span class='ocrx_word' id='word_1_99' title='bbox 1046 1227 1095 1272; x_wconf 88' lang='lat' dir='ltr'>cun</span> 
     </span>
     <span class='ocr_line' id='line_1_13' title="bbox 160 1298 1095 1381; baseline -0.007 -20"><span class='ocrx_word' id='word_1_100' title='bbox 160 1301 274 1363; x_wconf 82' lang='lat' dir='ltr'>invictis</span> <span class='ocrx_word' id='word_1_101' title='bbox 287 1299 410 1362; x_wconf 85' lang='lat' dir='ltr'>ducibus</span> <span class='ocrx_word' id='word_1_102' title='bbox 422 1298 500 1361; x_wconf 92' lang='lat' dir='ltr'>bella</span> <span class='ocrx_word' id='word_1_103' title='bbox 516 1303 662 1381; x_wconf 76' lang='lat' dir='ltr'>gessisset,</span> <span class='ocrx_word' id='word_1_104' title='bbox 676 1308 706 1362; x_wconf 86' lang='lat' dir='ltr'>et</span> <span class='ocrx_word' id='word_1_105' title='bbox 720 1300 823 1362; x_wconf 89' lang='lat' dir='ltr'>eadem</span> <span class='ocrx_word' id='word_1_106' title='bbox 841 1299 978 1362; x_wconf 83' lang='lat' dir='ltr'>fortunae</span> <span class='ocrx_word' id='word_1_107' title='bbox 996 1300 1095 1377; x_wconf 85' lang='lat' dir='ltr'>pignera</span> 
     </span>
     <span class='ocr_line' id='line_1_14' title="bbox 124 1377 1094 1463; baseline -0.004 -21"><span class='ocrx_word' id='word_1_108' title='bbox 124 1390 151 1443; x_wconf 84' lang='grc' dir='ltr'>ι8</span> <span class='ocrx_word' id='word_1_109' title='bbox 161 1386 192 1445; x_wconf 91' lang='lat' dir='ltr'>in</span> <span class='ocrx_word' id='word_1_110' title='bbox 208 1384 367 1446; x_wconf 89' lang='lat' dir='ltr'>discrlmen</span> <span class='ocrx_word' id='word_1_111' title='bbox 389 1384 556 1454; x_wconf 86' lang='lat' dir='ltr'>detulisset;</span> <span class='ocrx_word' id='word_1_112' title='bbox 574 1387 665 1447; x_wconf 93' lang='lat' dir='ltr'>immo</span> <span class='ocrx_word' id='word_1_113' title='bbox 679 1385 768 1446; x_wconf 90' lang='lat' dir='ltr'>etiam</span> <span class='ocrx_word' id='word_1_114' title='bbox 781 1402 817 1446; x_wconf 92' lang='lat' dir='ltr'>eo</span> <span class='ocrx_word' id='word_1_115' title='bbox 831 1384 898 1463; x_wconf 93' lang='lat' dir='ltr'>plus</span> <span class='ocrx_word' id='word_1_116' title='bbox 913 1381 1032 1463; x_wconf 90' lang='lat' dir='ltr'>periculi</span> <span class='ocrx_word' id='word_1_117' title='bbox 1043 1377 1094 1439; x_wconf 92' lang='lat' dir='ltr'>sub·</span> 
     </span>
     <span class='ocr_line' id='line_1_15' title="bbox 159 1467 1093 1550; baseline 0 -20"><span class='ocrx_word' id='word_1_118' title='bbox 159 1470 244 1540; x_wconf 89' lang='lat' dir='ltr'>isset,</span> <span class='ocrx_word' id='word_1_119' title='bbox 278 1470 356 1550; x_wconf 91' lang='lat' dir='ltr'>quod</span> <span class='ocrx_word' id='word_1_120' title='bbox 382 1469 560 1532; x_wconf 83' lang='lat' dir='ltr'>Macedones</span> <span class='ocrx_word' id='word_1_121' title='bbox 588 1477 680 1531; x_wconf 89' lang='lat' dir='ltr'>unum</span> <span class='ocrx_word' id='word_1_122' title='bbox 710 1468 911 1530; x_wconf 78' lang='lat' dir='ltr'>Alexandrum</span> <span class='ocrx_word' id='word_1_123' title='bbox 940 1467 1093 1530; x_wconf 73' lang='lat' dir='ltr'>anhusen,</span> 
     </span>
     <span class='ocr_line' id='line_1_16' title="bbox 159 1551 1093 1624; baseline -0.012 -8"><span class='ocrx_word' id='word_1_124' title='bbox 159 1552 259 1616; x_wconf 92' lang='lat' dir='ltr'>multis</span> <span class='ocrx_word' id='word_1_125' title='bbox 274 1554 391 1616; x_wconf 87' lang='lat' dir='ltr'>casibus</span> <span class='ocrx_word' id='word_1_126' title='bbox 402 1573 462 1616; x_wconf 91' lang='lat' dir='ltr'>non</span> <span class='ocrx_word' id='word_1_127' title='bbox 476 1553 571 1617; x_wconf 89' lang='lat' dir='ltr'>solum</span> <span class='ocrx_word' id='word_1_128' title='bbox 587 1552 762 1624; x_wconf 83' lang='lat' dir='ltr'>obnoxium,</span> <span class='ocrx_word' id='word_1_129' title='bbox 777 1552 829 1615; x_wconf 93' lang='lat' dir='ltr'>sed</span> <span class='ocrx_word' id='word_1_130' title='bbox 845 1555 934 1614; x_wconf 89' lang='lat' dir='ltr'>etiam</span> <span class='ocrx_word' id='word_1_131' title='bbox 948 1551 1093 1613; x_wconf 81' lang='lat' dir='ltr'>offerentem</span> 
     </span>
     <span class='ocr_line' id='line_1_17' title="bbox 119 1634 1093 1715; baseline -0.008 -19"><span class='ocrx_word' id='word_1_132' title='bbox 119 1644 150 1697; x_wconf 81' lang='lat'>19</span> <span class='ocrx_word' id='word_1_133' title='bbox 161 1656 208 1708; x_wconf 89' lang='lat' dir='ltr'>se,</span> <span class='ocrx_word' id='word_1_134' title='bbox 225 1639 350 1700; x_wconf 87' lang='lat' dir='ltr'>Romani</span> <span class='ocrx_word' id='word_1_135' title='bbox 365 1636 448 1699; x_wconf 90' lang='lat' dir='ltr'>multi</span> <span class='ocrx_word' id='word_1_136' title='bbox 462 1638 587 1699; x_wconf 88' lang='lat' dir='ltr'>luissent</span> <span class='ocrx_word' id='word_1_137' title='bbox 599 1636 765 1698; x_wconf 81' lang='lat' dir='ltr'>Alexandro</span> <span class='ocrx_word' id='word_1_138' title='bbox 780 1635 826 1697; x_wconf 85' lang='lat' dir='ltr'>rel</span> <span class='ocrx_word' id='word_1_139' title='bbox 843 1637 937 1715; x_wconf 87' lang='lat' dir='ltr'>gioria</span> <span class='ocrx_word' id='word_1_140' title='bbox 953 1634 997 1697; x_wconf 85' lang='lat' dir='ltr'>rel</span> <span class='ocrx_word' id='word_1_141' title='bbox 1014 1646 1093 1695; x_wconf 87' lang='lat' dir='ltr'>rernm</span> 
     </span>
     <span class='ocr_line' id='line_1_18' title="bbox 158 1713 1093 1801; baseline -0.003 -19"><span class='ocrx_word' id='word_1_142' title='bbox 158 1722 362 1800; x_wconf 83' lang='lat' dir='ltr'>magnitudine</span> <span class='ocrx_word' id='word_1_143' title='bbox 375 1739 477 1799; x_wconf 89' lang='lat' dir='ltr'>pares,</span> <span class='ocrx_word' id='word_1_144' title='bbox 499 1738 625 1801; x_wconf 91' lang='lat' dir='ltr'>quorum</span> <span class='ocrx_word' id='word_1_145' title='bbox 641 1738 695 1782; x_wconf 94' lang='lat' dir='ltr'>suo</span> <span class='ocrx_word' id='word_1_146' title='bbox 710 1722 833 1801; x_wconf 87' lang='lat' dir='ltr'>quisque</span> <span class='ocrx_word' id='word_1_147' title='bbox 847 1720 910 1783; x_wconf 84' lang='lat' dir='ltr'>lato</span> <span class='ocrx_word' id='word_1_148' title='bbox 928 1722 990 1782; x_wconf 88' lang='lat' dir='ltr'>sine</span> <span class='ocrx_word' id='word_1_149' title='bbox 999 1713 1093 1799; x_wconf 76' lang='lat' dir='ltr'>publica</span> 
     </span>
     <span class='ocr_line' id='line_1_19' title="bbox 158 1804 700 1884; baseline 0.002 -20"><span class='ocrx_word' id='word_1_150' title='bbox 158 1804 328 1867; x_wconf 88' lang='lat' dir='ltr'>discrimine</span> <span class='ocrx_word' id='word_1_151' title='bbox 342 1806 453 1866; x_wconf 84' lang='lat' dir='ltr'>viveret</span> <span class='ocrx_word' id='word_1_152' title='bbox 467 1812 700 1884; x_wconf 83' lang='lat' dir='ltr'>merereturque.</span> 
     </span>
     <span class='ocr_line' id='line_1_20' title="bbox 112 1888 1091 1968; baseline -0.005 -20"><span class='ocrx_word' id='word_1_153' title='bbox 112 1930 114 1933; x_wconf 29' lang='grc' dir='ltr'>ψ</span> <span class='ocrx_word' id='word_1_154' title='bbox 220 1888 295 1948; x_wconf 80' lang='lat' dir='ltr'>xix.</span> <span class='ocrx_word' id='word_1_155' title='bbox 317 1889 432 1958; x_wconf 84' lang='lat' dir='ltr'>Restat,</span> <span class='ocrx_word' id='word_1_156' title='bbox 448 1895 482 1950; x_wconf 89' lang='lat' dir='ltr'>ut</span> <span class='ocrx_word' id='word_1_157' title='bbox 496 1890 598 1968; x_wconf 88' lang='lat' dir='ltr'>copiae</span> <span class='ocrx_word' id='word_1_158' title='bbox 613 1889 705 1967; x_wconf 90' lang='lat' dir='ltr'>copiis</span> <span class='ocrx_word' id='word_1_159' title='bbox 720 1897 921 1968; x_wconf 86' lang='lat' dir='ltr'>conparentur</span> <span class='ocrx_word' id='word_1_160' title='bbox 937 1888 980 1950; x_wconf 90' lang='lat' dir='ltr'>vel</span> <span class='ocrx_word' id='word_1_161' title='bbox 993 1898 1091 1948; x_wconf 83' lang='lat' dir='ltr'>numera</span> 
     </span>
     <span class='ocr_line' id='line_1_21' title="bbox 129 1968 1091 2056; baseline 0.004 -26"><span class='ocrx_word' id='word_1_162' title='bbox 129 1980 145 2030; x_wconf 82' lang='lat' dir='ltr'>t</span> <span class='ocrx_word' id='word_1_163' title='bbox 160 1969 204 2031; x_wconf 88' lang='lat' dir='ltr'>vel</span> <span class='ocrx_word' id='word_1_164' title='bbox 217 1970 341 2032; x_wconf 90' lang='lat' dir='ltr'>militum</span> <span class='ocrx_word' id='word_1_165' title='bbox 354 1989 465 2050; x_wconf 89' lang='lat' dir='ltr'>genere</span> <span class='ocrx_word' id='word_1_166' title='bbox 480 1971 525 2032; x_wconf 90' lang='lat' dir='ltr'>vel</span> <span class='ocrx_word' id='word_1_167' title='bbox 541 1972 727 2034; x_wconf 87' lang='lat' dir='ltr'>multitudine</span> <span class='ocrx_word' id='word_1_168' title='bbox 739 1971 926 2036; x_wconf 89' lang='lat' dir='ltr'>auxiliorum.</span> <span class='ocrx_word' id='word_1_169' title='bbox 956 1968 1091 2056; x_wconf 57' lang='lat' dir='ltr'>OQM·</span> 
     </span>
     <span class='ocr_line' id='line_1_22' title="bbox 158 2055 1090 2119; baseline -0.002 -3"><span class='ocrx_word' id='word_1_170' title='bbox 158 2064 207 2116; x_wconf 87' lang='lat' dir='ltr'>tur</span> <span class='ocrx_word' id='word_1_171' title='bbox 239 2056 246 2070; x_wconf 86' lang='lat'>&#39;</span> <span class='ocrx_word' id='word_1_172' title='bbox 378 2056 385 2070; x_wconf 86' lang='lat'>&#39;</span> <span class='ocrx_word' id='word_1_173' title='bbox 449 2057 518 2118; x_wconf 90' lang='lat' dir='ltr'>stris</span> <span class='ocrx_word' id='word_1_174' title='bbox 532 2055 646 2118; x_wconf 87' lang='lat' dir='ltr'>ducena</span> <span class='ocrx_word' id='word_1_175' title='bbox 680 2059 711 2118; x_wconf 92' lang='lat' dir='ltr'>ui</span> <span class='ocrx_word' id='word_1_176' title='bbox 753 2076 791 2119; x_wconf 92' lang='lat' dir='ltr'>na</span> <span class='ocrx_word' id='word_1_177' title='bbox 812 2074 867 2118; x_wconf 92' lang='lat' dir='ltr'>ena</span> <span class='ocrx_word' id='word_1_178' title='bbox 882 2056 964 2119; x_wconf 92' lang='lat' dir='ltr'>milia</span> <span class='ocrx_word' id='word_1_179' title='bbox 978 2057 1037 2118; x_wconf 88' lang='lat' dir='ltr'>cai</span> <span class='ocrx_word' id='word_1_180' title='bbox 1085 2093 1090 2106; x_wconf 82' lang='lat'><strong>·</strong></span> 
     </span>
     <span class='ocr_line' id='line_1_23' title="bbox 156 2138 1091 2223; baseline -0.006 -21"><span class='ocrx_word' id='word_1_181' title='bbox 156 2142 256 2220; x_wconf 86' lang='lat' dir='ltr'>itaque</span> <span class='ocrx_word' id='word_1_182' title='bbox 270 2141 302 2200; x_wconf 93' lang='lat' dir='ltr'>in</span> <span class='ocrx_word' id='word_1_183' title='bbox 317 2138 399 2223; x_wconf 58' lang='lat' dir='ltr'>ungi</span> <span class='ocrx_word' id='word_1_184' title='bbox 413 2140 578 2201; x_wconf 88' lang='lat' dir='ltr'>delechone</span> <span class='ocrx_word' id='word_1_185' title='bbox 588 2142 736 2202; x_wconf 87' lang='lat' dir='ltr'>sociorum</span> <span class='ocrx_word' id='word_1_186' title='bbox 750 2141 847 2203; x_wconf 86' lang='lat' dir='ltr'>Latini</span> <span class='ocrx_word' id='word_1_187' title='bbox 860 2143 988 2204; x_wconf 89' lang='lat' dir='ltr'>nominis</span> <span class='ocrx_word' id='word_1_188' title='bbox 1000 2158 1033 2201; x_wconf 92' lang='lat' dir='ltr'>ur</span> <span class='ocrx_word' id='word_1_189' title='bbox 1050 2150 1091 2196; x_wconf 85' lang='lat' dir='ltr'>aro</span> 
     </span>
     <span class='ocr_line' id='line_1_24' title="bbox 65 2218 1089 2307; baseline -0.006 -22"><span class='ocrx_word' id='word_1_190' title='bbox 65 2262 68 2263; x_wconf 27' lang='grc' dir='ltr'><em>ν</em></span> <span class='ocrx_word' id='word_1_191' title='bbox 130 2231 146 2285; x_wconf 85' lang='grc'><strong>3</strong></span> <span class='ocrx_word' id='word_1_192' title='bbox 156 2242 250 2305; x_wconf 91' lang='lat' dir='ltr'>prope</span> <span class='ocrx_word' id='word_1_193' title='bbox 267 2224 375 2286; x_wconf 87' lang='lat' dir='ltr'>dilectu</span> <span class='ocrx_word' id='word_1_194' title='bbox 390 2223 493 2286; x_wconf 88' lang='lat' dir='ltr'>decem</span> <span class='ocrx_word' id='word_1_195' title='bbox 511 2223 718 2286; x_wconf 84' lang='lat' dir='ltr'>scribebantur</span> <span class='ocrx_word' id='word_1_196' title='bbox 736 2224 882 2305; x_wconf 77' lang='lat' dir='ltr'>legiones:</span> <span class='ocrx_word' id='word_1_197' title='bbox 902 2225 1032 2307; x_wconf 88' lang='lat' dir='ltr'>quaterni</span> <span class='ocrx_word' id='word_1_198' title='bbox 1043 2218 1089 2300; x_wconf 87' lang='lat' dir='ltr'>qui·</span> 
     </span>
     <span class='ocr_line' id='line_1_25' title="bbox 157 2302 1090 2388; baseline -0.005 -20"><span class='ocrx_word' id='word_1_199' title='bbox 157 2310 246 2388; x_wconf 90' lang='lat' dir='ltr'>nique</span> <span class='ocrx_word' id='word_1_200' title='bbox 260 2310 407 2370; x_wconf 89' lang='lat' dir='ltr'>exercitus</span> <span class='ocrx_word' id='word_1_201' title='bbox 417 2327 505 2388; x_wconf 92' lang='lat' dir='ltr'>saepe</span> <span class='ocrx_word' id='word_1_202' title='bbox 520 2327 576 2387; x_wconf 91' lang='lat' dir='ltr'>per</span> <span class='ocrx_word' id='word_1_203' title='bbox 587 2326 637 2370; x_wconf 92' lang='lat' dir='ltr'>eos</span> <span class='ocrx_word' id='word_1_204' title='bbox 648 2327 741 2369; x_wconf 91' lang='lat' dir='ltr'>annos</span> <span class='ocrx_word' id='word_1_205' title='bbox 757 2310 789 2369; x_wconf 89' lang='lat' dir='ltr'>in</span> <span class='ocrx_word' id='word_1_206' title='bbox 802 2309 935 2380; x_wconf 86' lang='lat' dir='ltr'>Etruria,</span> <span class='ocrx_word' id='word_1_207' title='bbox 953 2311 984 2371; x_wconf 92' lang='lat' dir='ltr'>iu</span> <span class='ocrx_word' id='word_1_208' title='bbox 994 2302 1090 2370; x_wconf 86' lang='lat' dir='ltr'>Umbria</span> 
     </span>
     <span class='ocr_line' id='line_1_26' title="bbox 157 2389 1090 2473; baseline -0.008 -21"><span class='ocrx_word' id='word_1_209' title='bbox 157 2390 247 2452; x_wconf 89' lang='lat' dir='ltr'>Gallis</span> <span class='ocrx_word' id='word_1_210' title='bbox 261 2391 395 2453; x_wconf 87' lang='lat' dir='ltr'>hostibus</span> <span class='ocrx_word' id='word_1_211' title='bbox 408 2393 568 2464; x_wconf 88' lang='lat' dir='ltr'>adiunctis,</span> <span class='ocrx_word' id='word_1_212' title='bbox 585 2394 617 2465; x_wconf 89' lang='lat' dir='ltr'>in</span> <span class='ocrx_word' id='word_1_213' title='bbox 633 2392 768 2463; x_wconf 92' lang='lat' dir='ltr'>Samnio,</span> <span class='ocrx_word' id='word_1_214' title='bbox 784 2395 816 2455; x_wconf 91' lang='lat' dir='ltr'>in</span> <span class='ocrx_word' id='word_1_215' title='bbox 829 2393 956 2457; x_wconf 85' lang='lat' dir='ltr'>Lucanis</span> <span class='ocrx_word' id='word_1_216' title='bbox 973 2389 1090 2473; x_wconf 85' lang='lat' dir='ltr'>gerebant</span> 
     </span>
     <span class='ocr_line' id='line_1_27' title="bbox 126 2473 1090 2541; baseline -0.006 -6"><span class='ocrx_word' id='word_1_217' title='bbox 126 2474 275 2538; x_wconf 76' lang='lat' dir='ltr'>abellum.</span> <span class='ocrx_word' id='word_1_218' title='bbox 305 2476 421 2538; x_wconf 89' lang='lat' dir='ltr'>Latium</span> <span class='ocrx_word' id='word_1_219' title='bbox 443 2475 549 2537; x_wconf 89' lang='lat' dir='ltr'>deinde</span> <span class='ocrx_word' id='word_1_220' title='bbox 569 2494 657 2539; x_wconf 89' lang='lat' dir='ltr'>omne</span> <span class='ocrx_word' id='word_1_221' title='bbox 678 2495 746 2538; x_wconf 93' lang='lat' dir='ltr'>cum</span> <span class='ocrx_word' id='word_1_222' title='bbox 766 2477 883 2539; x_wconf 87' lang='lat' dir='ltr'>Sabinis</span> <span class='ocrx_word' id='word_1_223' title='bbox 903 2488 933 2541; x_wconf 91' lang='lat' dir='ltr'>et</span> <span class='ocrx_word' id='word_1_224' title='bbox 955 2476 1054 2539; x_wconf 88' lang='lat' dir='ltr'>Volscis</span> <span class='ocrx_word' id='word_1_225' title='bbox 1069 2473 1090 2529; x_wconf 84' lang='lat' dir='ltr'>el</span> 
     </span>
     <span class='ocr_line' id='line_1_28' title="bbox 155 2560 1089 2641; baseline -0.009 -19"><span class='ocrx_word' id='word_1_226' title='bbox 155 2562 265 2640; x_wconf 77' lang='lat' dir='ltr'>Aequis</span> <span class='ocrx_word' id='word_1_227' title='bbox 285 2567 315 2622; x_wconf 86' lang='lat' dir='ltr'>et</span> <span class='ocrx_word' id='word_1_228' title='bbox 337 2562 419 2621; x_wconf 87' lang='lat' dir='ltr'>omni</span> <span class='ocrx_word' id='word_1_229' title='bbox 433 2560 590 2640; x_wconf 82' lang='lat' dir='ltr'>Campania</span> <span class='ocrx_word' id='word_1_230' title='bbox 611 2568 640 2621; x_wconf 93' lang='lat' dir='ltr'>et</span> <span class='ocrx_word' id='word_1_231' title='bbox 659 2568 744 2641; x_wconf 92' lang='lat' dir='ltr'>parte</span> <span class='ocrx_word' id='word_1_232' title='bbox 758 2561 899 2624; x_wconf 92' lang='lat' dir='ltr'>Umbriae</span> <span class='ocrx_word' id='word_1_233' title='bbox 920 2563 1089 2634; x_wconf 79' lang='lat' dir='ltr'>Etruriaeque</span> 
     </span>
     <span class='ocr_line' id='line_1_29' title="bbox 157 2644 1088 2724; baseline -0.001 -19"><span class='ocrx_word' id='word_1_234' title='bbox 157 2651 187 2705; x_wconf 88' lang='lat' dir='ltr'>et</span> <span class='ocrx_word' id='word_1_235' title='bbox 208 2644 379 2707; x_wconf 91' lang='lat' dir='ltr'>Picentibus</span> <span class='ocrx_word' id='word_1_236' title='bbox 407 2652 437 2706; x_wconf 91' lang='lat' dir='ltr'>et</span> <span class='ocrx_word' id='word_1_237' title='bbox 458 2645 563 2707; x_wconf 82' lang='lat' dir='ltr'>Marsis</span> <span class='ocrx_word' id='word_1_238' title='bbox 582 2644 787 2724; x_wconf 88' lang='lat' dir='ltr'>Paelignisque</span> <span class='ocrx_word' id='word_1_239' title='bbox 812 2664 846 2706; x_wconf 91' lang='lat' dir='ltr'>ac</span> <span class='ocrx_word' id='word_1_240' title='bbox 872 2645 999 2707; x_wconf 88' lang='lat' dir='ltr'>Vestinis</span> <span class='ocrx_word' id='word_1_241' title='bbox 1023 2649 1088 2717; x_wconf 74' lang='lat' dir='ltr'>aque</span> 
     </span>
     <span class='ocr_line' id='line_1_30' title="bbox 155 2721 1088 2805; baseline -0.003 -18"><span class='ocrx_word' id='word_1_242' title='bbox 155 2727 256 2805; x_wconf 78' lang='lat' dir='ltr'>Apulis</span> <span class='ocrx_word' id='word_1_243' title='bbox 268 2729 404 2789; x_wconf 87' lang='lat' dir='ltr'>adiuncta</span> <span class='ocrx_word' id='word_1_244' title='bbox 415 2730 497 2788; x_wconf 91' lang='lat' dir='ltr'>omni</span> <span class='ocrx_word' id='word_1_245' title='bbox 507 2746 560 2789; x_wconf 90' lang='lat' dir='ltr'>ora</span> <span class='ocrx_word' id='word_1_246' title='bbox 567 2730 749 2790; x_wconf 87' lang='lat' dir='ltr'>Graecorum</span> <span class='ocrx_word' id='word_1_247' title='bbox 760 2729 850 2790; x_wconf 81' lang='lat' dir='ltr'>inferi</span> <span class='ocrx_word' id='word_1_248' title='bbox 864 2733 955 2792; x_wconf 90' lang='lat' dir='ltr'>maris</span> <span class='ocrx_word' id='word_1_249' title='bbox 967 2750 983 2792; x_wconf 92' lang='lat' dir='ltr'>a</span> <span class='ocrx_word' id='word_1_250' title='bbox 993 2721 1088 2789; x_wconf 72' lang='lat' dir='ltr'>Thuriis</span> 
     </span>
     <span class='ocr_line' id='line_1_31' title="bbox 154 2809 1087 2893; baseline -0.001 -22"><span class='ocrx_word' id='word_1_251' title='bbox 154 2810 308 2888; x_wconf 90' lang='lat' dir='ltr'>Neapolim</span> <span class='ocrx_word' id='word_1_252' title='bbox 322 2818 352 2871; x_wconf 95' lang='lat' dir='ltr'>et</span> <span class='ocrx_word' id='word_1_253' title='bbox 365 2812 472 2873; x_wconf 84' lang='lat' dir='ltr'>Cumas</span> <span class='ocrx_word' id='word_1_254' title='bbox 487 2819 515 2872; x_wconf 90' lang='lat' dir='ltr'>et</span> <span class='ocrx_word' id='word_1_255' title='bbox 529 2811 598 2872; x_wconf 92' lang='lat' dir='ltr'>inde</span> <span class='ocrx_word' id='word_1_256' title='bbox 609 2814 696 2874; x_wconf 78' lang='lat' dir='ltr'>Antio</span> <span class='ocrx_word' id='word_1_257' title='bbox 708 2821 794 2893; x_wconf 90' lang='lat' dir='ltr'>atque</span> <span class='ocrx_word' id='word_1_258' title='bbox 808 2813 897 2875; x_wconf 88' lang='lat' dir='ltr'>Ostiis</span> <span class='ocrx_word' id='word_1_259' title='bbox 912 2824 996 2876; x_wconf 89' lang='lat' dir='ltr'>tenus</span> <span class='ocrx_word' id='word_1_260' title='bbox 1010 2809 1087 2892; x_wconf 83' lang='lat' dir='ltr'>[Sam</span> 
     </span>
     <span class='ocr_line' id='line_1_32' title="bbox 155 2889 1086 2972; baseline -0.002 -20"><span class='ocrx_word' id='word_1_261' title='bbox 155 2891 245 2972; x_wconf 91' lang='lat' dir='ltr'>nites]</span> <span class='ocrx_word' id='word_1_262' title='bbox 258 2899 307 2954; x_wconf 89' lang='lat' dir='ltr'>aut</span> <span class='ocrx_word' id='word_1_263' title='bbox 321 2895 417 2954; x_wconf 87' lang='lat' dir='ltr'>socios</span> <span class='ocrx_word' id='word_1_264' title='bbox 430 2893 541 2956; x_wconf 81' lang='lat' dir='ltr'>rabdos</span> <span class='ocrx_word' id='word_1_265' title='bbox 553 2895 694 2958; x_wconf 89' lang='lat' dir='ltr'>Romanis</span> <span class='ocrx_word' id='word_1_266' title='bbox 706 2905 756 2959; x_wconf 89' lang='lat' dir='ltr'>aut</span> <span class='ocrx_word' id='word_1_267' title='bbox 766 2898 876 2959; x_wconf 72' lang='lat' dir='ltr'>fraenos</span> <span class='ocrx_word' id='word_1_268' title='bbox 889 2897 968 2960; x_wconf 92' lang='lat' dir='ltr'>bello</span> <span class='ocrx_word' id='word_1_269' title='bbox 983 2889 1086 2956; x_wconf 83' lang='lat' dir='ltr'>invenis·</span> 
     </span>
     <span class='ocr_line' id='line_1_33' title="bbox 126 2970 1130 3073; baseline -0.006 -37"><span class='ocrx_word' id='word_1_270' title='bbox 126 2987 200 3039; x_wconf 80' lang='lat' dir='ltr'>aser</span> <span class='ocrx_word' id='word_1_271' title='bbox 212 2976 322 3038; x_wconf 89' lang='lat' dir='ltr'>hostes.</span> <span class='ocrx_word' id='word_1_272' title='bbox 351 2979 414 3057; x_wconf 89' lang='lat' dir='ltr'>ipse</span> <span class='ocrx_word' id='word_1_273' title='bbox 424 2980 590 3042; x_wconf 86' lang='lat' dir='ltr'>traiecisset</span> <span class='ocrx_word' id='word_1_274' title='bbox 603 2998 685 3041; x_wconf 91' lang='lat' dir='ltr'>mare</span> <span class='ocrx_word' id='word_1_275' title='bbox 699 2999 768 3042; x_wconf 87' lang='lat' dir='ltr'>eum</span> <span class='ocrx_word' id='word_1_276' title='bbox 783 2983 930 3043; x_wconf 88' lang='lat' dir='ltr'>veteranis</span> <span class='ocrx_word' id='word_1_277' title='bbox 942 2970 1086 3044; x_wconf 86' lang='lat' dir='ltr'>Macedoni·</span> <span class='ocrx_word' id='word_1_278' title='bbox 1128 3006 1130 3073; x_wconf 71' lang='lat' dir='ltr'>l</span> 
     </span>
     <span class='ocr_line' id='line_1_34' title="bbox 154 3053 1130 3147; baseline -0.002 -22"><span class='ocrx_word' id='word_1_279' title='bbox 154 3062 217 3132; x_wconf 91' lang='lat' dir='ltr'>bus,</span> <span class='ocrx_word' id='word_1_280' title='bbox 233 3079 294 3122; x_wconf 90' lang='lat' dir='ltr'>non</span> <span class='ocrx_word' id='word_1_281' title='bbox 312 3061 378 3141; x_wconf 92' lang='lat' dir='ltr'>plus</span> <span class='ocrx_word' id='word_1_282' title='bbox 389 3064 510 3141; x_wconf 87' lang='lat' dir='ltr'>triginta</span> <span class='ocrx_word' id='word_1_283' title='bbox 521 3063 639 3126; x_wconf 89' lang='lat' dir='ltr'>milibus</span> <span class='ocrx_word' id='word_1_284' title='bbox 656 3066 819 3138; x_wconf 91' lang='lat' dir='ltr'>hominum,</span> <span class='ocrx_word' id='word_1_285' title='bbox 836 3074 866 3126; x_wconf 89' lang='lat' dir='ltr'>et</span> <span class='ocrx_word' id='word_1_286' title='bbox 879 3072 1014 3147; x_wconf 89' lang='lat' dir='ltr'>quattuor</span> <span class='ocrx_word' id='word_1_287' title='bbox 1027 3053 1085 3120; x_wconf 74' lang='lat' dir='ltr'>mili·</span> <span class='ocrx_word' id='word_1_288' title='bbox 1128 3076 1130 3133; x_wconf 76' lang='grc' dir='ltr'>ι</span> 
     </span>
     <span class='ocr_line' id='line_1_35' title="bbox 152 3136 1130 3237; baseline -0.007 -30"><span class='ocrx_word' id='word_1_289' title='bbox 152 3145 208 3208; x_wconf 91' lang='lat' dir='ltr'>bus</span> <span class='ocrx_word' id='word_1_290' title='bbox 230 3147 375 3227; x_wconf 90' lang='lat' dir='ltr'>equitum,</span> <span class='ocrx_word' id='word_1_291' title='bbox 407 3149 533 3208; x_wconf 82' lang='lat' dir='ltr'>maxime</span> <span class='ocrx_word' id='word_1_292' title='bbox 553 3148 776 3211; x_wconf 84' lang='lat' dir='ltr'>Thessalorum:</span> <span class='ocrx_word' id='word_1_293' title='bbox 807 3151 865 3211; x_wconf 90' lang='lat' dir='ltr'>hoc</span> <span class='ocrx_word' id='word_1_294' title='bbox 886 3151 964 3211; x_wconf 92' lang='lat' dir='ltr'>euim</span> <span class='ocrx_word' id='word_1_295' title='bbox 991 3143 1085 3205; x_wconf 80' lang='lat' dir='ltr'>robora</span> <span class='ocrx_word' id='word_1_296' title='bbox 1128 3136 1130 3237; x_wconf 59' lang='lat' dir='ltr'>l</span> 
     </span>
     <span class='ocr_line' id='line_1_36' title="bbox 154 3219 1130 3335; baseline -0.013 -44"><span class='ocrx_word' id='word_1_297' title='bbox 154 3239 226 3293; x_wconf 89' lang='lat' dir='ltr'>erat.</span> <span class='ocrx_word' id='word_1_298' title='bbox 252 3231 371 3303; x_wconf 90' lang='lat' dir='ltr'>Persas,</span> <span class='ocrx_word' id='word_1_299' title='bbox 388 3228 476 3297; x_wconf 88' lang='lat' dir='ltr'>Indos</span> <span class='ocrx_word' id='word_1_300' title='bbox 491 3230 620 3313; x_wconf 90' lang='lat' dir='ltr'>aliasque</span> <span class='ocrx_word' id='word_1_301' title='bbox 631 3235 657 3295; x_wconf 92' lang='lat' dir='ltr'>si</span> <span class='ocrx_word' id='word_1_302' title='bbox 670 3233 850 3296; x_wconf 82' lang='lat' dir='ltr'>adiunxisset</span> <span class='ocrx_word' id='word_1_303' title='bbox 863 3241 977 3314; x_wconf 90' lang='lat' dir='ltr'>gentes,</span> <span class='ocrx_word' id='word_1_304' title='bbox 991 3219 1084 3307; x_wconf 87' lang='lat' dir='ltr'>inpeli-</span> <span class='ocrx_word' id='word_1_305' title='bbox 1128 3240 1130 3335; x_wconf 62' lang='lat' dir='ltr'>p</span> 
     </span>
     <span class='ocr_line' id='line_1_37' title="bbox 124 3307 1130 3399; baseline 0.001 -25"><span class='ocrx_word' id='word_1_306' title='bbox 124 3322 283 3376; x_wconf 77' lang='lat' dir='ltr'>omentum</span> <span class='ocrx_word' id='word_1_307' title='bbox 300 3319 394 3378; x_wconf 91' lang='lat' dir='ltr'>maius</span> <span class='ocrx_word' id='word_1_308' title='bbox 414 3336 501 3398; x_wconf 91' lang='lat' dir='ltr'>quam</span> <span class='ocrx_word' id='word_1_309' title='bbox 521 3317 661 3380; x_wconf 81' lang='lat' dir='ltr'>auxihum</span> <span class='ocrx_word' id='word_1_310' title='bbox 679 3320 821 3382; x_wconf 90' lang='lat' dir='ltr'>traheret.</span> <span class='ocrx_word' id='word_1_311' title='bbox 849 3318 936 3388; x_wconf 91' lang='lat' dir='ltr'>adde,</span> <span class='ocrx_word' id='word_1_312' title='bbox 957 3310 1030 3397; x_wconf 90' lang='lat' dir='ltr'>quod</span> <span class='ocrx_word' id='word_1_313' title='bbox 1041 3307 1085 3367; x_wconf 64' lang='lat' dir='ltr'>BP</span> <span class='ocrx_word' id='word_1_314' title='bbox 1129 3352 1130 3399; x_wconf 53' lang='lat'><strong>3</strong></span> 
     </span>
     <span class='ocr_line' id='line_1_38' title="bbox 15 3390 1085 3483; baseline -0.005 -23"><span class='ocrx_word' id='word_1_315' title='bbox 15 3431 78 3452; x_wconf 43' lang='lat' dir='ltr'>«a</span> <span class='ocrx_word' id='word_1_316' title='bbox 153 3400 249 3459; x_wconf 89' lang='lat' dir='ltr'>manis</span> <span class='ocrx_word' id='word_1_317' title='bbox 264 3399 300 3459; x_wconf 90' lang='lat' dir='ltr'>ad</span> <span class='ocrx_word' id='word_1_318' title='bbox 318 3420 436 3464; x_wconf 92' lang='lat' dir='ltr'>manum</span> <span class='ocrx_word' id='word_1_319' title='bbox 460 3403 540 3464; x_wconf 90' lang='lat' dir='ltr'>domi</span> <span class='ocrx_word' id='word_1_320' title='bbox 561 3404 798 3483; x_wconf 91' lang='lat' dir='ltr'>supplementum</span> <span class='ocrx_word' id='word_1_321' title='bbox 819 3412 909 3476; x_wconf 90' lang='lat' dir='ltr'>esset,</span> <span class='ocrx_word' id='word_1_322' title='bbox 932 3390 1085 3462; x_wconf 77' lang='lat' dir='ltr'>alexandre</span> 
     </span>
     <span class='ocr_line' id='line_1_39' title="bbox 153 3481 1130 3570; baseline -0.01 -25"><span class='ocrx_word' id='word_1_323' title='bbox 153 3481 230 3556; x_wconf 90' lang='lat' dir='ltr'>quod</span> <span class='ocrx_word' id='word_1_324' title='bbox 242 3493 343 3561; x_wconf 90' lang='lat' dir='ltr'>postea</span> <span class='ocrx_word' id='word_1_325' title='bbox 355 3485 509 3550; x_wconf 88' lang='lat' dir='ltr'>llaunibali</span> <span class='ocrx_word' id='word_1_326' title='bbox 522 3487 635 3562; x_wconf 87' lang='lat' dir='ltr'>accidit,</span> <span class='ocrx_word' id='word_1_327' title='bbox 648 3489 744 3553; x_wconf 92' lang='lat' dir='ltr'>alieno</span> <span class='ocrx_word' id='word_1_328' title='bbox 757 3493 787 3552; x_wconf 93' lang='lat' dir='ltr'>in</span> <span class='ocrx_word' id='word_1_329' title='bbox 802 3508 873 3570; x_wconf 91' lang='lat' dir='ltr'>agro</span> <span class='ocrx_word' id='word_1_330' title='bbox 888 3483 1006 3551; x_wconf 87' lang='lat' dir='ltr'>bellanti</span> <span class='ocrx_word' id='word_1_331' title='bbox 1020 3485 1086 3565; x_wconf 74' lang='lat' dir='ltr'>eret·</span> <span class='ocrx_word' id='word_1_332' title='bbox 1129 3560 1130 3563; x_wconf 8' lang='grc' dir='ltr'><strong>Ἴ</strong></span> 
     </span>
    </p>
   </div>
   <div class='ocr_carea' id='block_1_3' title="bbox 0 0 1144 3926">
    <p class='ocr_par' dir='ltr' id='par_1_3' title="bbox 0 0 1144 3926">
     <span class='ocr_line' id='line_1_40' title="bbox 0 0 1144 3926; baseline 0 5"><span class='ocrx_word' id='word_1_333' title='bbox 0 0 1144 3926; x_wconf 95' lang='lat' dir='ltr'> </span> 
     </span>
    </p>
   </div>
  </div>
 </body>
</html>
