2396 3920
141 214 183 275 tc
317 225 412 267 sunau
426 225 482 268 vn.
499 225 570 267 can.
584 210 628 264 36.
645 210 689 262 37.
708 201 749 284 [a.
764 225 796 267 u.
814 225 839 264 e.
855 199 917 284 tlt]
989 248 994 253 .

100 373 275 437 titionibus
292 375 423 454 capiunt:
456 373 606 454 perfertur
623 374 701 433 circa
717 371 824 434 collem
838 369 951 432 clamor
964 371 1109 451 fugatque
1154 392 1159 405 ·

143 478 179 521 ex
194 459 256 519 suis
270 476 417 538 quemque
433 458 597 539 praesidiis.
629 457 669 517 ita
685 473 791 535 magua
812 472 882 536 pars
896 453 1011 517 absenti
1025 455 1106 519 hosti
1154 508 1160 519 .

143 544 246 613 cessit;
265 560 339 623 quos
354 544 433 604 intra
449 541 555 604 vallum
572 548 674 620 egerat
687 558 779 621 pavor
796 574 837 584 —
852 539 935 600 luere
950 546 1048 601 autem
1066 540 1106 602 ad
1154 596 1160 619 ,Ι

143 627 264 705 triginta
279 625 360 688 milia
373 661 416 674 -
431 643 535 688 omnes
548 627 640 696 caesi,
658 631 755 686 castra
770 622 895 704 direpta.
1073 656 1076 665 ·

112 719 126 769 t
202 709 342 772 XXXVII.
379 709 422 772 lta
444 708 535 771 rebus
560 710 650 788 gestis
671 706 775 770 consul
803 707 944 769 advocata
964 708 1110 769 contione
1156 714 1161 725 “

141 794 174 856 Ρ.
190 793 272 856 Decii
287 810 347 854 non
364 801 484 874 coeptas
498 792 594 856 solum
608 801 676 855 ante
693 792 750 857 ,sed
769 790 931 853 cumrdatas
950 808 1025 853 nora
1044 793 1109 853 air·
1154 810 1159 821 ·

33 938 34 945 ,
144 886 206 940 tute
220 876 322 939 laudes
337 879 467 959 peragit,
490 885 520 938 et
542 883 662 958 praeter
676 876 815 939 militaria
838 874 893 937 alla
916 873 994 936 dona
1012 893 1109 937 aurea

142 979 254 1025 corona
268 980 335 1022 eum
350 969 380 1022 et
394 968 511 1022 centum
526 960 623 1023 bubus
644 961 811 1040 eximioque
832 978 891 1021 uno
913 957 981 1021 albo
1002 959 1109 1039 opimo

110 1047 253 1106 tauratis
273 1043 414 1107 cornibus
434 1044 533 1108 donat.
567 1044 690 1117 milites,
721 1045 771 1124 qni
793 1046 824 1105 in
844 1042 992 1123 praesidio
1012 1042 1107 1105 dmul

142 1129 274 1196 lucrant,
298 1127 409 1207 duplici
430 1129 578 1190 frumento
602 1131 847 1211 inperpetuum,
876 1129 908 1188 iu
934 1128 1108 1207 praesentia

144 1207 290 1294 [singulis]
306 1209 403 1274 bubus
417 1214 508 1292 privis
521 1213 657 1294 binisque
673 1214 780 1276 tunicis
794 1213 903 1274 donati.
938 1211 1107 1274 secundum

142 1293 271 1358 consulis
291 1295 480 1358 donationem
505 1297 637 1377 legiones
657 1298 837 1377 gramineam
859 1313 1000 1366 coronam
1021 1294 1106 1368 obsi·

142 1379 267 1451 dialem,
293 1378 423 1444 clamore
445 1380 557 1445 donum
580 1380 790 1463 adprobantes,
819 1379 910 1441 Decio
938 1380 1104 1460 inponunt;

142 1463 235 1526 altera
251 1482 378 1535 corona,
395 1464 527 1529 eiusdem
537 1466 660 1528 honoris
674 1465 778 1534 index,
791 1482 809 1526 a
824 1462 974 1544 praesidio
987 1480 1041 1523 suo
1056 1463 1107 1524 in·

110 1556 126 1607 3
140 1551 235 1630 posita
255 1556 309 1611 est.
338 1550 384 1610 bis
399 1549 557 1613 decoratus
570 1549 734 1628 insignibus
746 1548 851 1609 bovem
865 1547 1003 1608 eximium
1014 1546 1107 1609 blartl

141 1631 319 1704 immolavit;
337 1642 456 1696 centum
469 1634 560 1697 boves
573 1632 716 1695 militibus
727 1633 805 1694 dono
823 1630 917 1701 dedit,
936 1631 986 1709 qui
1000 1647 1105 1693 secum

141 1719 172 1778 iu
194 1716 382 1794 expeditione
404 1717 531 1778 lucrant.
567 1716 672 1777 iisdem
694 1714 837 1777 militibus
857 1712 990 1792 legiones
1009 1712 1105 1776 libras

100 1846 102 1851 .
142 1797 232 1858 larris
250 1806 279 1858 et
290 1800 435 1860 sextarios
450 1800 510 1859 vini
530 1797 733 1870 contulerunt;
756 1800 914 1878 omniaque
930 1816 966 1858 ca
985 1798 1103 1877 ingenti

141 1880 293 1942 alacritate
313 1899 368 1962 per
384 1882 545 1945 clamorem
565 1882 738 1955 militarem,
755 1883 884 1945 indicem
900 1882 1032 1943 omniurn
1051 1881 1102 1945 ad·

141 1982 259 2035 sensus,
275 1964 464 2043 gerebantur.
607 2008 610 2011 >

109 2056 126 2103 4
204 2047 305 2111 Tertia
324 2066 422 2128 pugna
437 2050 482 2126 lad
502 2050 670 2112 Suessulam
685 2052 841 2113 commissa
863 2059 921 2121 est,
942 2068 1000 2130 qua
1017 2051 1102 2129 iuga·

140 2140 188 2194 tus
203 2150 219 2193 a
235 2130 273 2194 bl.
290 2132 405 2195 Valerio
422 2134 598 2196 Samnitium
615 2136 761 2196 exercitus
778 2135 861 2196 omni
875 2133 984 2196 robore
997 2135 1101 2195 iuven·

140 2217 211 2279 tutis
240 2214 327 2279 donio
352 2219 446 2279 accito
474 2220 636 2279 certamine
659 2218 763 2280 ultimo
790 2217 938 2279 lortunam
970 2218 1102 2299 experiri

108 2302 251 2361 astatuit.
283 2300 319 2362 ab
337 2300 475 2363 Suessula
497 2303 594 2363 nuntii
608 2302 717 2383 trepidi
735 2303 879 2383 Capuam,
900 2301 970 2363 inde
987 2303 1101 2382 equitas

107 2384 221 2443 deitati
242 2384 278 2444 ad
295 2383 443 2447 Valerium
464 2384 614 2447 consulem
631 2405 719 2466 opem
734 2394 849 2448 oratum
868 2386 998 2449 veniunt.
1029 2403 1099 2446 con·

116 2466 236 2528 testim
257 2467 341 2546 signa
362 2477 455 2541 mota,
476 2468 645 2550 relictisque
668 2469 877 2549 inpedimentis
890 2479 920 2531 et
934 2478 1099 2531 castrorum

139 2550 234 2613 valido
248 2552 396 2632 pracsidio
409 2556 517 2634 raptim
532 2556 629 2633 agitur
640 2570 763 2634 agmen;
778 2572 834 2614 nec
848 2551 953 2634 procul
964 2552 1001 2617 ab
1015 2552 1099 2614 hoste

138 2635 237 2697 locum
257 2639 466 2717 perexiguum,
491 2645 524 2699 ut
547 2638 654 2718 quibus
677 2645 796 2717 praeter
820 2655 913 2718 equos
932 2644 1098 2700 ceterorum

107 2724 122 2773 7
139 2720 338 2781 iumentorum
349 2722 544 2801 calonumque
555 2722 641 2782 turba
657 2721 780 2792 abesset,
795 2723 899 2784 castris
910 2722 995 2800 cepit.
1016 2721 1097 2782 Sam·

140 2800 246 2861 uitium
269 2804 433 2872 exercitus,
459 2802 536 2864 volut
559 2804 639 2865 haud
658 2804 719 2867 ulla
744 2822 828 2866 mora
854 2823 971 2885 pugnae
1001 2805 1097 2865 lutura

140 2889 232 2955 esset,
249 2885 343 2945 aciem
357 2887 491 2957 instruit;
507 2887 629 2958 deinde,
645 2897 800 2970 postquam
816 2907 903 2950 nemo
914 2889 1017 2949 obvius
1027 2887 1094 2955 ibat.

106 2971 123 3023 8
137 2966 253 3028 infestis
267 2968 359 3046 signis
374 2970 411 3031 ad
434 2978 529 3032 castra
554 2972 682 3033 hostium
697 2973 839 3036 succedit.
866 2971 909 3033 ibi
926 2979 958 3035 ut
975 2972 1095 3032 militem

137 3055 169 3111 ln
183 3050 259 3113 vallo
278 3053 361 3125 vidit,
377 3056 519 3136 missique
534 3054 570 3118 ab
586 3057 667 3123 omni
680 3064 765 3137 parte
781 3055 980 3137 exploratum,
1010 3071 1094 3136 quam

138 3137 169 3194 in
191 3138 330 3215 exiguum
357 3138 461 3206 orbem
487 3147 638 3201 contracta
662 3150 760 3203 castra
782 3148 895 3211 essent,
920 3141 1093 3220 paucitatem

106 3221 124 3272 9
137 3216 207 3276 lude
219 3219 347 3283 hostium
364 3221 549 3301 colligentes,
562 3221 748 3297 rettuderunt,
761 3224 890 3286 fremere
902 3226 999 3285 omnis
1009 3224 1092 3289 acies,

31 3350 33 3353 ,
139 3298 318 3392 conplendas
334 3323 398 3366 esse
419 3307 512 3371 lossas
526 3305 779 3388 scindendumque
793 3307 901 3370 vallum
913 3316 942 3368 et
955 3308 991 3375 in,
1002 3313 1093 3368 castra

138 3383 384 3473 irrumpendum
398 3395 637 3469 transactumque
653 3409 688 3452 ea
702 3392 868 3452 temeritate
885 3390 995 3452 bellum
1008 3390 1094 3454 toret

95 3458 279 3533 tomduces
300 3470 513 3532 continuissent
526 3474 669 3552 impetum
691 3474 829 3536 militum.
858 3481 1006 3544 ceterum,
1027 3470 1094 3552 quia

477 3806 583 3876 ’Χ
