2280 3926
281 245 374 288 uranu
389 245 432 290 ιι.
450 242 519 290 cnr.
538 233 581 289 18.
596 223 636 310 [a.
653 228 686 290 O.
704 226 766 309 319]
943 234 1004 297 113

43 370 257 455 ¹dellexandro
266 392 396 455 nondum
408 411 507 456 merso
519 393 657 456 secundis
668 393 766 467 rebus,
780 413 905 477 quarum
917 413 1005 461 nemo

53 476 247 538 lntolerantior
262 477 325 538 luit.
342 479 392 558 qui
406 479 432 538 si
443 496 479 540 ex
492 477 595 540 habitu
609 496 701 541 novae
717 478 852 543 fortunae
867 481 1033 559 nouique,2
1137 510 1138 515 κ

1 613 2 616 ,
52 567 79 621 ut
92 562 129 622 ita
143 560 238 622 dicam
252 561 379 639 ingenii,
402 562 481 642 quod
496 561 553 624 sibi
567 563 660 624 victor
673 563 825 634 induerat,
844 572 1002 643 spectetur,
1115 598 1120 608 =

52 643 133 705 bacco
154 647 251 724 magis
271 643 376 706 similis
395 664 484 726 quam
499 645 666 709 Alexandro
687 647 719 708 in
740 646 852 708 ltaliam
868 648 1036 716 venissetd

52 733 75 786 ct
85 730 245 793 exercitum
256 729 446 791 Macedoniae
459 729 583 792 oblitum
595 730 883 812 degenerantemque
896 733 955 793 iam
971 733 1003 794 in

51 810 193 875 Persarum
208 830 310 874 mores
337 813 515 876 adduxisset.
549 814 665 877 referre
679 817 711 876 in
731 822 814 878 tanto
834 832 905 893 rege
921 817 1030 894 pigeta

50 895 194 974 superbam
220 899 420 960 mutationem
436 900 536 969 vestis,
561 904 590 960 et
606 898 787 962 desideratas
803 898 886 961 humi
903 902 1001 960 iacen-

50 978 110 1040 tium
121 980 319 1054 adulationes,
336 983 425 1042 etiam
437 983 519 1044 victis
533 981 743 1044 Macedonibus
756 1000 873 1064 graves,
890 983 1001 1045 nedum

50 1062 210 1137 victoribus,
227 1072 259 1127 et
273 1065 360 1128 foeda
372 1064 515 1145 supplicia
526 1074 555 1128 et
568 1067 647 1128 inter
661 1069 761 1130 vinum
772 1077 803 1131 et
815 1067 917 1148 epulas
932 1085 997 1130 cae·

51 1144 92 1206 des
104 1148 267 1211 amicorum
283 1157 313 1211 et
334 1151 490 1212 vanitatem
506 1151 712 1214 ementiendae
727 1154 836 1233 stirpis.
867 1152 956 1234 quid?
976 1153 1029 1213 sib

51 1229 98 1290 vini
111 1250 190 1294 amor
212 1235 245 1295 in
262 1232 325 1295 dies
344 1234 430 1295 fleret
453 1235 564 1304 acrior,
588 1235 676 1314 quidl
691 1238 716 1298 si
731 1245 800 1300 trux
814 1255 848 1299 ac
865 1237 999 1317 praeier-

53 1312 104 1374 uta
116 1317 172 1388 ira,
191 1352 229 1364 -
248 1335 306 1378 nec
322 1319 479 1398 quicquam
492 1317 614 1380 dubium
628 1320 706 1382 iuter
720 1323 884 1400 scriptores
900 1321 1000 1382 refero
1052 1376 1055 1387 ,
1137 1372 1138 1375 ,

51 1427 96 1467 -‚
109 1399 225 1465 nullane
237 1401 314 1463 haec
329 1403 435 1464 damna
450 1403 650 1480 imperatoriis
669 1403 825 1466 virtutibus
846 1404 1000 1466 ducimus?

50 1477 149 1544 idrero
168 1484 336 1565 periculum
360 1493 437 1557 erat,
467 1485 546 1566 quod
569 1485 708 1547 levissimi
730 1505 766 1548 ex
789 1487 925 1557 Graecis,
951 1488 1029 1566 quid

51 1559 209 1644 Parthorum
221 1587 342 1652 quoque
355 1577 458 1632 contra
469 1587 578 1631 nomen
588 1569 755 1632 Romanum
767 1568 879 1647 gloriae
891 1570 997 1638 lavent,

52 1643 167 1714 dictitare
183 1654 299 1725 solent,
314 1671 352 1716 nc
366 1655 552 1717 maiestatem
566 1654 694 1715 nominis
710 1651 884 1725 Alexandri,
909 1670 996 1733 quem

51 1744 82 1789 oe
95 1732 165 1800 lama
177 1738 300 1820 quidem
311 1736 371 1800 illis
386 1744 490 1801 notum
505 1736 635 1799 arbitror
647 1737 753 1810 inisse,
773 1738 920 1801 sustinere
938 1755 998 1799 non

51 1820 162 1890 potuerit
176 1821 307 1903 populus
321 1822 486 1893 Romanus,
511 1830 541 1883 et
555 1821 695 1884 adversus
710 1841 798 1903 quem
813 1822 946 1894 athenia,
965 1824 997 1883 in
1010 1833 1025 1880 7

52 1897 148 1965 duaco
170 1907 268 1969 fracta
282 1906 476 1968 ldacedonum
494 1906 597 1977 armis,
623 1914 765 1969 cernente
785 1914 849 1969 tum
871 1909 998 1971 maxime
1014 1910 1024 1919 ”

5 2026 6 2029 =
51 1986 295 2063 peepcdumanles
309 1989 479 2052 Thebarum
497 1993 611 2062 ruinas,
635 1993 800 2054 contionari
822 1990 917 2053 libere
935 1992 998 2054 ausi

51 2068 270 2146 suthommes,
292 2073 324 2136 id
343 2074 422 2154 quod
438 2093 474 2136 ex
494 2077 694 2138 monumentis
718 2077 884 2138 orationum
906 2083 995 2154 patet,

51 2145 171 2220 adversus
183 2177 255 2223 eum
269 2175 357 2219 nemo
369 2166 460 2220 extol
470 2156 645 2238 proceribus
655 2160 910 2233 Romanbvocem
922 2158 996 2219 libe-

51 2240 102 2294 lem
112 2241 254 2306 missurus
269 2242 374 2305 lueritl
398 2241 1025 2326 QQFQanQonmmmmn·t
1067 2261 1078 2313 p

51 2312 88 2458 θ’
89 2318 158 2384 iatur
174 2331 291 2404 ap'mo
316 2326 524 2399 unmstamgn
544 2345 579 2395 ea
594 2327 766 2406 magnitudo
784 2326 912 2388 hominis
932 2328 995 2398 erit,
1038 2259 1069 2385 §l
1137 2346 1138 2349 ¹

47 2410 78 2455 ee
98 2411 156 2469 ecta
170 2410 259 2490 paulo
283 2409 351 2490 plus
370 2410 473 2473 decem
493 2429 639 2473 annorum
662 2411 818 2481 felicitate;
841 2429 929 2492 quam
945 2412 1023 2492 quia

51 2495 78 2575 eo
90 2490 235 2567 extollunt,
252 2495 330 2575 quod
341 2494 468 2574 populus
479 2495 638 2565 Romanus,
651 2496 707 2558 etsi
717 2494 798 2557 nullo
813 2494 901 2565 bello,
919 2494 995 2556 mul·

50 2567 80 2622 11⁵
91 2575 182 2638 lamen
196 2577 320 2660 proeliis
329 2579 424 2641 rictus
434 2579 486 2648 sit,
502 2576 669 2639 Alexandro
683 2576 792 2639 nullius
801 2595 919 2657 pugnae
935 2595 995 2638 non

51 2656 162 2722 munda
184 2663 304 2725 fortuna
323 2662 426 2735 tuerit,
449 2679 509 2723 non
529 2659 719 2740 intellegunt,
745 2679 777 2721 se
797 2661 926 2723 hominis
946 2678 996 2722 res

51 2740 132 2802 letes
151 2753 181 2806 ct
200 2748 266 2809 eius
283 2747 397 2808 iuvenis
417 2764 484 2808 cum
508 2743 611 2826 populi
630 2747 688 2806 lam
716 2746 994 2824 octingentesimum

37 2805 170 2889 ,bellantis
190 2846 302 2892 annum
325 2828 416 2892 rebus
439 2829 587 2892 conferre.
621 2831 779 2901 miremur,
804 2832 844 2899 si,
868 2847 935 2892 cum
957 2836 1037 2892 exte
1137 2908 1138 2911 Ἴ

51 2889 193 2982 harperto
213 2914 331 2976 saecula
350 2913 436 2994 plura
459 2921 654 2977 numerentur
676 2933 765 2995 quam
784 2933 821 2976 ex
843 2913 891 2975 illa
913 2915 992 2986 anni,

51 2973 107 3050 blus
118 2988 147 3051 in
158 3001 218 3059 tam
229 2996 319 3077 longo
330 2999 424 3077 spatio
438 3016 526 3080 quam
537 2999 569 3061 in
581 3005 676 3060 aetate
686 2999 831 3075 tredecim
844 3014 992 3060 annorum

53 3056 338 3144 ieiunavuiavontt
360 3099 430 3164 Μ
443 3089 478 3159 tu
491 3082 620 3143 hominis
638 3099 705 3144 cum
726 3083 847 3143 homine
865 3088 894 3142 et
909 3080 1033 3142 ducislt

39 3154 571 3253 ·ilmduceu31mmrmforuna
588 3183 645 3226 con
659 3183 708 3227 ers
754 3171 825 3246 quot
868 3180 991 3225 omanus
1000 3170 1034 3223 12
1137 3180 1138 3243 3

70 3243 132 3298 uoco
143 3260 210 3310 nom
243 3268 301 3320 cm,
316 3248 423 3330 quibus
439 3265 627 3329 numquama
649 3266 732 3310 versa
744 3249 862 3310 fortuna
872 3262 991 3329 pugnae

57 3302 115 3376 initi
127 3331 243 3409 paginas
257 3335 289 3395 in
302 3331 457 3396 annalibus
472 3334 756 3414 magistratuumque
768 3332 852 3394 iestis
864 3349 989 3414 percur-

56 3401 112 3458 ‘010
124 3402 189 3476 licet
205 3415 358 3479 consulum
385 3417 636 3500 dictatorumque,
657 3435 784 3500 quorum
800 3434 857 3480 nec
877 3418 992 3480 virtutis

58 3485 104 3627 nep
116 3485 242 3642 ἱοινγῑιιηαο
255 3498 317 3565 ullo
329 3497 377 3565 die
390 3500 532 3584 populum
539 3501 704 3568 Romanum
716 3504 869 3658 paegmtnit.
889 3511 919 3566 ct
931 3505 1030 3584 qno1t
1137 3600 1138 3603 Ἴ

105 3614 110 3627 ·
166 3610 260 3656 trane
274 3618 307 3653 11.
