2350 3922
148 198 209 260 346
318 210 412 254 mama
425 209 515 253 xxm.
531 209 600 253 oar.
615 198 658 253 27.
672 197 715 252 28.
731 187 771 270 [a.
786 211 816 252 u.
832 214 857 252 c.
873 187 934 269 538]
996 264 1000 267 k

118 370 244 439 tneque
261 368 425 420 castrorum
446 359 623 437 oppugnatio
639 355 733 418 facilis
750 364 826 428 erat,
851 355 953 417 urbem
967 355 1085 424 Ascuam,

148 462 206 522 quo
224 442 291 502 linis
308 443 436 505 hostium
449 440 622 520 ingrediens
636 439 802 502 Hasdrubal
822 441 998 537 frumentum
1016 457 1086 498 com·

675 693 806 769 gentiam
820 712 856 754 er
867 711 910 762 re,
925 698 958 753 ut

65 784 67 791 ’
147 784 228 855 gesta
246 779 320 838 oriri
339 785 473 839 senserat
485 774 664 844 Hasdrubal,
681 774 988 845 cohortatusmilites,
1003 783 1033 835 ut
1045 792 1086 853 pa·

145 860 219 922 latos
234 862 296 922 sine
308 863 399 941 signis
413 861 512 922 hostes
528 859 768 937 adgrederentur,
784 859 941 938 degressus
950 857 1021 919 colle
1030 874 1087 936 per·

116 946 187 1022 egit
197 947 242 1004 ire
257 947 319 1006 acie
330 947 472 1006 instructa
483 944 519 1005 ad
533 950 637 1005 eastra.
666 962 753 1023 quem
766 951 798 1004 ut
809 944 913 1005 adesse
927 941 1087 1004 tumultuose

148 1029 243 1088 nuntii
265 1046 299 1090 ac
319 1028 500 1106 refugientes
517 1046 553 1087 ex
570 1025 696 1105 speculis
716 1027 949 1107 stationibusque
970 1024 1086 1094 attulere,

114 1111 182 1172 bad
197 1130 278 1173 arma
295 1111 508 1173 conclamatum
529 1117 582 1170 est.
612 1117 646 1170 ut
701 1112 725 1170 's
746 1129 783 1173 ue
798 1129 880 1172 arma
895 1129 929 1172 ce
952 1117 1012 1172 erat
1036 1110 1055 1168 s'

60 1178 100 1309 i(

146 1285 245 1338 ruunt
283 1278 342 1339 iam
361 1296 450 1358 prrmr
474 1285 685 1349 conseruerant
705 1296 824 1348 manus,
846 1296 917 1341 cum
937 1297 985 1338 au
1007 1296 1038 1338 ca
1064 1292 1086 1335 r·

117 1346 246 1422 dfa't'm'r'
250 1371 420 1434 currerent,
446 1362 495 1423 alii
515 1362 645 1423 nondum
668 1381 684 1422 e
706 1364 809 1422 castris
830 1363 970 1423 exissent.
1004 1370 1086 1423 tanen

147 1446 244 1524 primo
260 1447 323 1525 ipsa
339 1446 460 1509 audacia
474 1453 609 1510 terruere
627 1444 758 1515 hostem3
781 1445 890 1506 deinde
906 1447 967 1507 rari
986 1447 1016 1505 in
1030 1460 1085 1505 con·

146 1530 239 1590 iertos
253 1529 350 1602 inlati,
366 1549 432 1609 oum
443 1532 574 1611 paucitas
588 1546 692 1608 parum
707 1535 770 1593 tuta
781 1536 874 1601 esset,
892 1532 1037 1610 respicere
1049 1526 1086 1588 elii

119 1612 219 1674 talios
241 1621 270 1675 et
291 1615 421 1694 undique
443 1614 520 1695 pulsi
539 1615 620 1674 coire
640 1614 670 1672 in
692 1612 810 1684 orbem,
829 1613 1085 1713 Q

148 1697 323 1782 corporibus
347 1695 495 1783 applicant
515 1715 654 1796 armaqqe
676 1697 766 1758 armis
785 1699 927 1797 inoffi-'nt
956 1716 986 1758 1n
1007 1702 1086 1757 artum

150 1797 226 1860 conp
258 1799 297 1851 sr,
323 1799 389 1842 eum
406 1783 453 1841 vix
470 1798 575 1842 moven
597 1799 622 1841 rs
642 1798 740 1840 armis·
753 1797 785 1842 sa
809 1800 823 1841 s
838 1790 928 1860 spatu
946 1788 1032 1850 esset,
1048 1795 1086 1836 co·

120 1870 221 1924 drona
242 1864 371 1924 hostium
392 1865 481 1926 cincti
500 1864 538 1925 ad
565 1862 689 1925 multum
708 1863 767 1924 dlei
792 1864 972 1934 caeduntur;
1001 1863 1086 1939 exigua

148 1963 216 2026 pars
232 1948 386 2026 eruptione
407 1946 483 2008 lacta
504 1948 589 2008 silvas
606 1966 641 2008 ac
657 1949 765 2008 montis
780 1950 863 2028 petit.
902 1950 1087 2029 penwar-

148 2026 1086 2128 fflfflmfflfflfflssefflmfflde

147 2130 178 2173 m
193 2113 371 2189 deditionem
388 2115 474 2188 venit,
522 2162 575 2182 ,‚.
978 2124 980 2133 ’

118 2202 136 2252 9
210 2197 273 2258 Nec
290 2197 339 2258 diu
353 2199 385 2258 in
399 2205 485 2275 pacto
501 2199 623 2258 mansit:
647 2215 715 2259 nam
730 2198 854 2260 subinde
872 2199 911 2261 ab
931 2196 1085 2274 Carthagine

148 2280 278 2342 adlatum
294 2288 349 2351 est,
372 2288 404 2342 nt
417 2279 581 2342 Hasdrubal
603 2282 698 2361 primo
720 2301 837 2363 quoque
852 2291 988 2363 tempore
1002 2284 1028 2342 in
1041 2278 1084 2338 lta·

148 2362 217 2425 liam
233 2366 393 2425 exercitum
412 2364 546 2434 duceret,
572 2382 647 2443 quae
668 2365 781 2444 volgata
798 2384 846 2426 res
863 2385 919 2445 per
935 2363 1084 2444 Hispaniam

108 2452 140 2504 ιο
151 2449 282 2509 omnium
302 2447 397 2508 ferme
415 2449 528 2509 animos
548 2447 584 2508 ad
600 2449 748 2510 Romanos
769 2452 882 2510 avertit.
919 2452 1015 2528 itaque
1028 2444 1084 2506 llas·

149 2529 253 2592 drubal
285 2530 431 2610 externplo
461 2530 573 2592 litteras
605 2532 809 2611 Carthaginem
841 2535 932 2594 mittit
962 2532 1082 2593 indicans.

141 2613 889 2704 QQQQHWQOEQH
907 2619 934 2677 si
969 2614 1037 2677 ero'
1072 2623 1083 2666 θ

148 2705 301 2790 pgereret
320 2699 490 2781 priusquam
506 2698 648 2763 Hiberum
664 2708 816 2777 pransum,
838 2700 1036 2776 Rpmarmrupt
1045 2693 1082 2764 Ill·

107 2786 138 2838 11
150 2782 282 2863 spmania
298 2780 377 2856 [opes
394 2798 462 2842 nam
473 2790 678 2863 praeterquam
691 2782 768 2861 qnod
785 2801 841 2847 nec
854 2783 1027 2863 praesidium
1041 2789 1083 2837 110⁰

169 2879 253 2923 uoem
267 2861 389 2925 haberet
560 2865 579 2924 l‘
912 2868 919 2882 ’
1032 2872 1082 2920 ares

149 2963 213 3007 esse
262 2964 399 3016 omanos,
420 2947 525 3026 quibus
544 2950 591 3008 vix
616 2967 650 3009 ae
691 2950 717 3008 is
762 2947 855 3011 ‘ibus
879 2951 974 3011 resisti
1015 2942 1080 3006 ossit:

148 3129 204 3171 var
225 3131 349 3174 oexerer
363 3131 434 3175 unu
460 3122 558 3183 erent,
573 3132 621 3175 cur
635 3120 669 3176 eet
679 3134 696 3176 o
751 3118 777 3176 'a
810 3135 859 3178 ros
881 3134 958 3177 eree
976 3112 1080 3174 coirent

121 3133 1007 3281 ammae
1020 3194 1080 3252 litte·

138 3292 191 3333 rae
206 3291 382 3354 quamquam
394 3280 492 3355 primo
501 3281 658 3341 admodum
670 3290 828 3343 moverunt
838 3290 978 3350 senatum,
994 3285 1084 3340 tamen»

139 3359 208 3433 quia
223 3357 322 3417 ltaliae
339 3378 411 3422 cura
425 3363 508 3440 prior
519 3366 678 3443 potiorque
692 3374 765 3436 erat,
784 3367 860 3429 nihil
875 3367 910 3428 de
921 3352 1084 3425 Hasdrubth

109 3445 235 3512 aneque
252 3439 287 3498 de
303 3445 399 3519 copiis
413 3448 480 3505 eius
495 3454 639 3509 mutatum
662 3457 721 3519 est:
744 3450 874 3512 Himilco
887 3469 952 3511 cum
967 3440 1084 3507 exercitu
