2280 3926
259 215 351 257 crasa
365 216 407 254 ιι.
424 214 493 255 cap,
508 203 552 254 44.
567 201 610 254 45.
627 192 667 274 [n
684 196 718 257 c.
736 202 797 257 ³05.
815 192 877 275 304]
987 203 1046 264 145

100 362 185 442 gloria
195 378 296 423 rerum
309 368 459 439 gestarum
474 359 610 422 consules
626 362 853 440 triumpharunt.
884 362 1044 427 Minucium
1059 371 1100 427 ts.

4 466 6 469 ·
98 445 240 509 consulem
254 462 322 505 cum
342 443 462 507 vulnere
482 446 563 525 gravi
587 442 713 517 relatum
725 446 762 517 ,in
778 453 873 506 castra
897 455 1046 509 mortuum

97 531 357 609 quidamauctores
371 537 454 599 sunt,
473 536 505 589 et
518 528 557 591 M.
572 527 705 589 Fulvium
727 530 758 588 in
774 527 873 588 locum
897 532 959 593 eius
975 549 1046 592 con·

96 613 182 677 sulem
207 612 377 681 suffectum,
398 619 428 672 et
442 611 477 673 ab
500 630 552 683 eo,
582 630 649 672 cum
677 612 714 674 ad
740 614 902 673 exercitum
927 615 1048 675 Minucii

97 699 198 759 missus
215 703 310 766 esset,
332 696 494 757 Bovianum
512 703 640 776 captum.
664 729 699 740 —
719 695 763 756 Eo
778 713 855 757 anuo
874 696 948 758 Sora
962 699 1047 777 Arpi·
1058 706 1091 757 lo

95 800 161 843 uum
176 780 320 845 Cesennia
343 787 463 857 recepta
486 778 524 840 ab
542 777 738 848 Samnitibus;
755 778 892 840 Herculis
909 798 1048 859 magnum

93 863 279 929 simulacrum
293 864 325 923 in
340 862 483 942 Capitolio
499 863 628 942 positum
645 861 881 942 dedicatumque.

152 948 234 1011 XLV.
274 947 308 1008 P.
329 945 458 1029 Sulpicio
481 947 656 1009 Saverrione
684 947 716 1008 P.
746 946 921 1026 Sempronio
949 946 1075 1027 Sopbol

89 1031 259 1095 consulibus
276 1031 436 1101 Samnites,
454 1049 505 1093 seu
520 1031 610 1091 mem
626 1049 679 1092 seu
692 1029 865 1093 dllationem
875 1029 946 1092 belli
961 1049 1050 1111 quae·

90 1123 198 1186 rentes,
214 1113 327 1193 legatos
340 1113 377 1174 de
387 1132 460 1193 pace
474 1113 598 1175 Romam
610 1117 727 1177 misere.
757 1115 863 1194 quibus
878 1115 1064 1196 suppliciter.

92 1199 244 1279 agentibus
262 1215 438 1275 responsum
460 1205 519 1269 est,
540 1200 598 1258 nisi
614 1217 702 1278 saepe
719 1197 828 1260 bellum
842 1207 983 1279 parantes
997 1208 1080 1280 pa·2

90 1303 153 1345 cem
165 1284 310 1363 petissent
322 1281 478 1352 Samnites,
491 1284 625 1343 oratioue
637 1282 714 1343 ultro
727 1284 800 1344 citro
815 1283 915 1344 habita
930 1284 966 1344 de
977 1302 1051 1364 pace

90 1367 214 1446 transigi
228 1366 372 1446 potuisse:
388 1383 483 1437 nunc,
498 1366 616 1446 quando
629 1364 719 1426 verba
733 1384 805 1426 vana
819 1367 856 1425 ad
871 1367 902 1426 id
916 1366 1050 1428 locorum

90 1452 215 1521 luerint,
238 1448 328 1511 rebus
348 1449 485 1515 standum
509 1446 582 1511 esse.
610 1449 649 1517 P.
670 1448 879 1529 Sempronium
899 1449 1080 1512 consulens

90 1555 157 1599 cum
172 1535 305 1595 exercitu
321 1532 404 1593 brevi
425 1534 457 1594 in
472 1533 592 1594 Samnio
608 1532 688 1592 iore:
714 1550 782 1605 eum
799 1531 836 1591 ad
862 1529 974 1593 bobum
999 1551 1050 1610 pa·

89 1636 196 1681 cemne
210 1615 355 1678 inclinent
377 1618 481 1686 animi,
504 1614 565 1679 salli
581 1634 641 1676 non
656 1633 752 1692 posse.
790 1622 933 1693 conperta
952 1618 1051 1677 omnia

57 1755 60 1760 .
89 1703 205 1765 senatui
218 1700 397 1771 relaturum;
408 1701 600 1762 decedentem
613 1718 650 1761 ex
665 1699 785 1760 Samnio
797 1697 948 1760 consulem
963 1699 1052 1778 legati

88 1792 296 1867 sequerentur.
336 1802 371 1845 ec
393 1802 471 1845 anuo
493 1803 560 1847 cum
581 1791 718 1862 pacatum
735 1783 890 1845 Samnium
906 1785 1080 1846 exercitus4

87 1872 241 1934 Romanus
256 1868 385 1947 benigne
399 1867 534 1948 praebito
550 1876 716 1931 commeatu
730 1873 931 1947 peragrasset,
947 1867 1052 1930 foedus

87 1942 243 2033 antiquum
258 1951 438 2014 Samnitibus
454 1950 612 2013 redditum.

151 2036 196 2099 Ad
216 2038 333 2116 Aequos
352 2035 423 2096 inde
443 2044 558 2097 veteres
586 2034 687 2098 hostes
710 2044 842 2101 ceterum
868 2054 923 2115 per
944 2036 1079 2099 multosb

87 2139 186 2186 anuos
207 2119 262 2181 sub
283 2121 382 2199 specie
403 2120 510 2181 infidae
527 2121 609 2199 pacis
634 2122 749 2200 quietos
778 2138 862 2182 versa
889 2137 971 2182 arma
992 2120 1051 2183 Ro·

86 2222 193 2274 maua,
212 2203 291 2284 quod
306 2202 447 2265 incolumi
457 2204 586 2265 Hernico
601 2206 720 2265 nomine
734 2206 952 2265 missitaverant
965 2203 1050 2265 simul

87 2308 159 2352 cum
176 2288 222 2348 bis
238 2288 363 2367 Samniti
385 2287 504 2360 suabia,
527 2295 557 2348 et
580 2295 648 2367 post
662 2288 807 2348 Hernicos
832 2285 969 2348 subactos
986 2289 1081 2347 uui-d

85 2390 177 2435 versa
195 2390 291 2452 prope
315 2389 389 2451 gens
410 2372 473 2433 siue
488 2370 720 2433 dissimulatione
742 2368 858 2432 consilii
881 2368 992 2449 publici
1016 2372 1084 2432 ad··

87 2461 192 2522 bostes
223 2454 400 2526 desciverat;
432 2463 462 2517 et
485 2462 640 2534 postquam
660 2456 719 2516 icto
740 2452 852 2515 Romae
879 2471 946 2515 cum
970 2456 1053 2517 Sam·

88 2540 204 2617 nitibus
231 2539 353 2600 loedere
378 2538 492 2601 fetiales
516 2546 660 2598 reuerent
685 2556 734 2598 res
760 2538 931 2616 repetitum,
959 2545 1080 2617 temp-7

88 2616 234 2688 tationem
256 2621 374 2683 aiebant
387 2640 468 2692 esse,
493 2629 526 2681 ut
543 2628 659 2681 terrore
682 2622 800 2680 incusso
820 2617 890 2679 belli
905 2618 1053 2682 Romanos

88 2727 124 2771 se
137 2709 205 2769 fieri
224 2713 414 2788 paterentur,
441 2704 519 2784 quod
545 2711 654 2784 quanto
677 2721 767 2787 opere
789 2702 950 2783 optandum
978 2704 1055 2766 foret
1078 2722 1090 2839 J

88 2794 237 2861 Hernicos
252 2790 402 2859 docuisse,
424 2807 491 2851 cum
505 2788 611 2869 quibus
630 2786 748 2850 licuerit
766 2806 834 2851 suas
852 2788 933 2867 leges
946 2788 1053 2851 Roma·

90 2895 147 2939 nae
164 2875 272 2938 civitati
291 2874 547 2954 praeoptandam
570 2873 675 2954 quibus
688 2872 820 2952 legendi,
838 2872 908 2952 quid
923 2846 1088 3033 mallvssbz

92 2961 178 3040 copia
192 2977 254 3021 non
267 2958 357 3019 suerit
369 2974 425 3037 pro
438 2976 533 3036 poena
545 2958 742 3023 necessariam
758 2958 904 3018 civitatem
920 2956 995 3018 iore.
1016 2956 1053 3017 ob

93 3045 168 3107 baec
188 3041 276 3121 vulgo
294 3043 326 3102 iu
350 3040 482 3103 conciliis
502 3043 607 3104 iactata
627 3040 754 3123 populus
772 3040 923 3103 Romanus
944 3039 1054 3103 bellum

90 3129 159 3191 lieri
175 3125 285 3207 Aequis
304 3126 403 3195 iussit;
419 3124 613 3206 consulesque
634 3125 722 3187 ambo
742 3124 779 3185 ad
797 3140 907 3185 uorum
929 3121 1082 3200 protectis

91 3210 204 3283 bellum
214 3216 352 3290 quattuor
358 3208 571 3273 miliaacaslris
577 3209 706 3270 bostium
713 3207 920 3271 consederunt.
936 3206 1096 3305 dequo-12

92 3313 161 3356 rum
172 3295 329 3363 exercitus,
340 3301 374 3354 ut
385 3292 498 3372 quisue
509 3293 628 3354 nouuue
646 3289 810 3372 permultos
822 3306 915 3351 annos
930 3286 1055 3351 inbelles
1083 3306 1097 3349 a

94 3380 242 3457 egissent,
271 3376 462 3439 tumultuario
487 3374 605 3447 similis,
632 3376 696 3436 sine
718 3372 842 3437 ducibus
861 3376 967 3455 certis,
990 3376 1053 3435 siue

93 3462 237 3541 imperio,
258 3459 418 3542 trepidare.
453 3458 502 3522 alii
521 3458 688 3524 exeundum
707 3459 739 3521 iu
760 3460 871 3535 aciem,
893 3458 942 3523 alii
960 3464 1078 3521 castrat
1137 3524 1138 3527 ,

138 3576 166 3612 a.
185 3577 247 3615 crvr
266 3577 335 3615 rsus
354 3579 389 3615 11.
849 3550 889 3612 10
