2290 3920
279 255 372 296 uranu
386 256 451 297 xxa.
466 254 533 297 oar.
552 243 577 298 8.
592 243 618 296 9.
636 233 674 316 [a.
692 236 727 300 O.
744 234 806 318 218]
959 242 1019 306 211
1133 222 1134 227 ἵ

80 408 203 462 coortum
215 408 258 462 est
268 401 387 471 beilum,
400 401 591 482 pluribusque
602 401 743 482 partibus,
755 402 802 463 le
811 403 1022 484 accipientibus

79 482 239 563 quibusdam
262 504 350 565 opera
370 484 457 556 locis,
484 488 587 547 niueae
606 492 727 566 coeptae
748 486 795 563 egi
814 487 1020 568 admoverique
1134 528 1135 535 ,

78 568 153 628 tries
179 567 344 630 abundabat
354 569 539 631 multitudiue
557 570 710 631 bominum
726 569 842 631 Poenus
856 605 891 617 ·-
905 571 941 633 ad
952 577 1050 632 cen-3
1134 574 1135 583 ’

77 657 130 713 trun
142 653 347 732 quinquaginta
359 652 439 714 milia
451 653 588 715 babuisse
597 655 628 713 in
639 654 729 714 armis
741 654 812 714 satis
823 653 955 716 creditur
964 674 1021 725 --;

7 784 9 801 2
76 736 204 815 oppidani
215 736 250 797 ad
263 738 359 797 omnia
378 738 485 798 tuenda
498 747 584 818 atque
596 736 730 799 obeunda
742 735 929 798 multifariam
942 738 1023 799 disti·
1038 747 1056 797 t

7 874 9 879 ,
76 822 132 880 neri
146 822 241 899 ccepti
257 818 354 902 [sunt]
378 838 436 882 nou
452 821 645 881 sufficiebant.
679 823 779 900 itaque
793 821 851 883 iam
875 821 1052 883 laniabas-o

7 920 9 983 g
75 910 118 964 tur
127 904 265 966 arietibus
280 906 373 973 muri,
388 912 598 985 quassataeque
613 906 722 966 multae
738 912 838 984 partes
850 912 949 973 erant;
965 923 1023 965 una

7 1016 9 1019 v
75 988 283 1050 continentibus
294 990 388 1049 ruinis
402 989 562 1050 nudaverat
575 988 695 1050 urbem:
711 991 765 1049 tris
781 988 920 1069 deinceps
934 989 1024 1049 turris

75 1080 264 1153 quantumque
279 1073 357 1133 luter
372 1090 422 1134 eas
436 1073 514 1134 muri
528 1079 593 1134 erat
608 1091 674 1135 cum
690 1074 808 1152 fragore
824 1074 938 1153 ingenti
954 1090 1023 1153 pro·

7 1196 9 1229 3
76 1154 207 1217 ciderunt.
231 1163 349 1236 captum
362 1156 500 1236 oppidum
511 1174 544 1218 ea
556 1157 943 1228 ruiuacrediderantPoeoi,
956 1175 1021 1237 qua,
1039 1161 1056 1215 d

75 1238 181 1302 relutsi
199 1243 313 1321 pariter
332 1248 474 1321 utrosque
489 1258 592 1302 murus
606 1242 739 1310 texisset,
762 1242 801 1302 ita
821 1244 970 1322 utrimque
993 1242 1024 1302 ln
1135 1244 1136 1267 ³

7 1322 9 1405 }
75 1338 191 1403 pagum
203 1341 380 1404 procrusum
394 1331 448 1387 est.
478 1324 553 1384 nihil
567 1323 773 1386 tumultuariae
794 1343 911 1404 pugnae
926 1323 1022 1386 similo
1040 1331 1056 1381 t

8 1418 9 1483 f
76 1415 142 1478 erat,
163 1408 266 1488 quales
285 1409 317 1468 in
337 1407 606 1487 oppugnationibus
625 1408 742 1468 urbium
763 1425 818 1486 per
839 1411 1025 1470 occasionem

75 1493 157 1569 pariis
168 1491 289 1552 alterius
300 1494 417 1553 conseri
433 1491 542 1561 solent,
561 1491 612 1552 sed
625 1492 717 1551 iustae
733 1492 811 1550 acies
822 1489 901 1552 velut
913 1491 1025 1569 patenti

74 1590 167 1653 campo
185 1578 266 1635 inter
286 1577 386 1639 ruinas
400 1577 478 1636 muri
498 1581 632 1654 tectaque
655 1573 738 1635 urbis
759 1574 876 1634 modico
888 1574 1025 1634 distantia

60 1654 219 1723 intervallo
232 1660 433 1720 constiterant.
462 1658 532 1738 binc
546 1675 628 1737 spes,
647 1656 898 1737 bincdesperatio
912 1659 1025 1717 animos
1040 1662 1057 1715 8

7 1812 8 1817 γ
70 1740 177 1815 inritat,
191 1743 299 1805 Poeno
314 1744 426 1823 cepisse
438 1745 495 1804 iam
513 1744 545 1803 ae
556 1741 677 1810 urbem,
696 1743 721 1802 si
736 1740 855 1821 paulum
867 1741 1024 1812 adnitatur,

72 1825 219 1898 credente,
249 1827 417 1906 Saguntinis
434 1845 489 1906 pro
504 1826 611 1888 nudata
624 1824 779 1886 moenibus
793 1827 888 1905 patria
900 1842 1025 1905 corpora

7 1956 9 1959 .
72 1908 285 1988 opponentibus
300 1927 355 1970 neo
370 1909 431 1971 ullo
449 1911 556 1989 pedem
569 1911 735 1982 referente,
757 1928 795 1970 ue
810 1911 841 1971 iu
857 1910 992 1972 relictum
1009 1927 1026 1969 a

71 2008 97 2052 se
110 1992 202 2056 locum
226 1993 340 2055 bostem
356 1995 527 2056 inmitteret.
557 1995 656 2075 itaque
672 2013 730 2075 quo
747 1996 845 2055 acrius
857 2002 887 2055 et
909 1994 1057 2054 confer-9

72 2076 116 2137 tim
130 2080 228 2157 magis
242 2079 390 2160 utrimque
409 2078 594 2157 pugnabant,
617 2096 652 2140 eo
675 2077 776 2158 plures
796 2077 1026 2139 vulnerabantur

72 2159 143 2221 nullo
155 2164 238 2223 inter
254 2179 334 2221 arma
351 2178 534 2242 corporaque
549 2180 623 2222 rano
634 2162 829 2223 intercidente
843 2160 912 2222 telo.
951 2160 1022 2239 pba-
1037 2165 1068 2218 10

74 2238 156 2305 larice
171 2254 237 2307 erat
253 2246 422 2323 Saguntinis
436 2244 546 2306 missile
567 2245 658 2306 telum
672 2244 770 2306 bastili
789 2245 913 2321 abiegno
931 2251 961 2304 et
978 2261 1025 2303 ce·

74 2331 129 2388 tera
140 2332 228 2390 tereti
240 2328 490 2408 praeterquamad
500 2336 673 2398 extremum,
684 2327 763 2388 unde
774 2327 885 2388 ferrum
894 2327 1025 2394 extabat:

74 2408 115 2479 id,
137 2414 212 2474 sicut
225 2414 257 2472 in
272 2410 345 2492 pilu,
369 2411 543 2491 quadratum
561 2418 664 2490 stuppa
690 2409 932 2487 circumligabant
952 2411 1026 2471 liue-

74 2489 194 2575 bautque
212 2497 295 2577 pice;
317 2495 429 2556 ferrum
451 2502 549 2556 autem
568 2504 629 2555 tres
649 2492 768 2572 longum
784 2494 911 2554 babebat
924 2495 1022 2572 pedes,
1037 2498 1067 2551 ll

74 2584 103 2636 ut
116 2596 180 2639 cum
198 2581 289 2641 armis
307 2579 480 2657 transfigere
497 2596 604 2656 corpus
624 2584 734 2656 posset.
767 2576 819 2637 sed
839 2577 870 2636 id
890 2579 1026 2647 maxime,

75 2661 193 2723 etiamsi
208 2664 350 2724 haesisset
365 2663 395 2722 in
411 2670 494 2722 scuto
510 2679 564 2721 neo
580 2666 764 2739 penetrasset
784 2661 815 2720 iu
831 2678 955 2739 corpus,
975 2678 1026 2739 pa·

74 2759 167 2805 rorem
180 2746 318 2817 iaciebat,
343 2746 436 2826 quod,
459 2764 527 2806 cum
542 2745 670 2805 medium
686 2761 841 2806 accensum
859 2747 1025 2806 mitteretur
1037 2751 1069 2801 12

75 2839 301 2910 conceptumque
328 2831 392 2908 ipso
414 2830 495 2890 motu
517 2827 609 2889 multo
635 2829 777 2889 maiorem
802 2830 901 2906 iguem
925 2830 1027 2899 ferret,

75 2925 150 2972 arma
170 2914 266 2973 omitti
286 2913 411 2993 cogebat
436 2914 607 2992 nudumque
629 2912 753 2974 militem
775 2913 810 2974 ad
839 2916 1027 2993 insequentes

75 2991 145 3055 lctus
165 2996 335 3073 praebebat.
378 2996 426 3058 tx.
453 2995 525 3058 Gum
546 2997 602 3056 diu
617 3014 726 3075 anceps
745 2997 848 3057 luisset
869 3001 1055 3067 certamen,1

76 3083 103 3134 et
121 3078 303 3156 Saguntinis,
328 3082 396 3160 quia
417 3090 535 3159 praeter
557 3098 639 3158 spem
660 3082 847 3148 resisterent,
869 3080 1029 3140 crevissent

76 3160 176 3231 animi,
195 3164 323 3234 Poenus,
342 3165 409 3243 quia
428 3182 486 3225 uon
503 3165 630 3230 vicisset,
649 3180 703 3239 pro
718 3165 793 3223 victo
810 3171 901 3230 esset,
918 3161 1055 3222 clamo-2

75 3256 136 3304 rem
158 3259 279 3323 repente
295 3247 434 3328 oppidani
454 3246 560 3308 tollunt
581 3247 754 3323 hostemque
775 3247 806 3305 in
831 3246 932 3305 ruinas
951 3248 1030 3306 muri

78 3328 238 3403 expellunt,
254 3332 324 3392 inde
334 3332 496 3410 inpeditum
513 3329 763 3409 trepidantemque
784 3328 954 3401 exturbant,
975 3349 1028 3409 po·

76 3412 185 3471 uremo
202 3412 296 3476 lusum
313 3417 501 3493 iugatamque
514 3416 546 3473 in
561 3421 655 3475 castra
671 3412 818 3490 redigunt.

139 3493 258 3559 iuterim
274 3499 310 3560 ab
325 3499 418 3559 Roma
433 3498 545 3575 legatos
565 3499 678 3557 venisse
699 3499 864 3559 nuodatum
886 3511 944 3567 est;
964 3497 1057 3577 qul-³

760 3583 824 3647 141*
