2290 3920
152 215 216 278 234
327 224 422 269 mna
438 224 503 269 m.
519 223 586 266 oar.
602 210 646 265 35.
663 210 707 264 36.
724 201 764 284 [a.
779 227 809 265 u.
827 226 851 265 c.
867 199 926 284 536]

115 341 126 373 b

119 370 129 467 b
152 374 358 454 subiectosque
387 372 501 452 Alpinis
532 370 682 432 montibus
709 369 946 449 circumpadanos
974 382 1081 446 campos

117 459 327 537 timoeniaque
350 475 401 519 eos
417 460 482 518 'tum
503 454 713 518 transcendere
734 472 795 516 nou
815 451 912 515 ltaliae
930 450 1024 519 modo.
1042 447 1081 509 sed

154 544 242 604 etiam
258 540 340 603 urbis
354 541 519 609 Romanam
543 547 642 600 cetera
668 537 769 618 plana,
791 536 928 617 proclivia
946 534 1018 603 lore,
1036 548 1082 593 uno

114 552 136 723 ξ
154 633 204 689 aut
214 638 362 688 summum
377 622 470 686 altero
483 621 597 703 proelio
611 640 709 683 arcem
722 629 751 683 et
762 628 849 700 caput
862 618 958 681 ltaliae
972 619 1001 677 iu
1013 633 1083 678 manu

118 716 133 797 ,t
154 728 188 772 ao
202 716 346 790 potestate
359 708 522 770 habituros.

112 794 145 865 io
219 792 385 855 Procedens
405 791 475 853 iude
495 807 601 870 agmon
617 790 728 868 coepit,
754 790 813 849 iam
833 786 906 848 nihil
926 805 962 848 ne
975 781 1084 846 hostibus

127 910 128 913 κ
154 877 273 957 quidem
288 883 406 955 praeter
420 893 508 954 parra
523 874 600 935 furta
615 890 671 952 per
692 874 877 934 occasionem
892 866 1083 950 temptantibus.

131 969 143 1018 1
158 970 289 1022 ceterum
301 962 359 1021 iter
369 958 471 1028 multo,
487 976 575 1037 quam
586 958 617 1017 in
629 974 753 1019 ascensu
767 956 917 1018 luerat-
929 951 1084 1032 utpleraque

156 1043 271 1124 Alpium
282 1041 319 1104 ab
333 1040 416 1102 ltalia
427 1043 503 1102 siout
513 1039 650 1101 breviora
662 1042 702 1102 ita
714 1041 876 1101 arrectiora
890 1045 958 1100 snut
969 1071 1014 1106 -‚
1029 1032 1084 1094 diib-
1103 1034 1108 1045 '

130 1127 242 1189 acilium
259 1126 322 1186 luit.
355 1125 452 1186 omnis
471 1125 550 1185 enim
570 1124 665 1186 ferme
685 1126 731 1186 via
744 1140 902 1203 praeceps,
923 1116 1085 1201 angustab-

110 1224 121 1305 ς
155 1210 240 1271 blica
251 1215 323 1280 erat,
338 1215 372 1268 ut
385 1225 481 1288 neque
495 1209 642 1269 sustinere
656 1226 690 1268 se
705 1226 722 1269 a
738 1207 822 1287 lapsu
836 1214 966 1287 possent,
982 1199 1087 1279 uech

106 1306 120 1377 g·
157 1291 277 1373 paulum
292 1290 485 1364 titubassent,
507 1291 632 1354 haerere
648 1291 757 1353 adflicti
778 1292 902 1371 vestigio
917 1309 983 1360 suo,
1004 1286 1086 1364 alique

105 1376 143 1446 lt
158 1393 248 1456 super
254 1374 327 1438 alios
334 1383 364 1438 et
371 1375 682 1438 iumentainhomines
693 1375 873 1438 occiderent.
896 1373 1018 1437 XXXVI.
1031 1369 1087 1429 Vea-

74 1474 123 1545 κζ
156 1468 220 1523 tum
235 1459 341 1521 deinde
353 1459 391 1521 ad
406 1459 499 1521 multo
516 1461 716 1538 augustiorem
730 1477 849 1538 rupem,
868 1466 957 1539 atque
971 1459 1009 1518 ita
1021 1452 1088 1525 omit

108 1556 121 1661 ἰ
157 1546 252 1615 saxis,
270 1550 305 1605 ut
317 1561 405 1623 aegre
419 1543 572 1622 expeditus
582 1543 668 1605 miles
681 1540 914 1621 temptabundus
925 1539 1089 1615 manibusue

107 1654 120 1707 p
157 1630 290 1690 retinens
300 1626 424 1706 virgulta
438 1645 473 1688 ao
486 1629 593 1708 stirpes
604 1629 683 1689 circa
700 1629 864 1688 eminentes
884 1626 1032 1687 demittere
1042 1631 1089 1679 sest

109 1719 267 1797 gtposset.
293 1719 397 1772 natura
410 1709 493 1773 locus
502 1711 636 1772 iamante
646 1728 788 1791 praeceps
804 1712 919 1772 recenti
931 1708 1089 1789 lapsutesrtt

12 1862 13 1865 Ἴ
108 1797 188 1856 5bin
202 1795 312 1875 pedum
327 1793 407 1855 mille
430 1794 587 1856 admodum
610 1793 793 1857 altitudinem
811 1794 957 1874 abruptus
974 1797 1037 1853 arat.
1061 1782 1106 1843 ibi·

116 1942 117 1945 ,
159 1895 227 1939 cum
238 1876 361 1938 velutad
376 1878 466 1939 tinem
477 1878 538 1939 viae
551 1880 664 1957 equites
678 1879 893 1950 constitissent,
909 1876 1023 1939 miranti
1031 1870 1089 1934 tian-

13 2012 14 2039 ἶ
160 1958 259 2032 nibalt
271 1978 346 2039 quae
356 1978 405 2021 res
415 1968 583 2023 moraretur
598 1980 714 2041 agmen.
731 1963 884 2024 nuntiatur
894 1979 998 2041 rupem
1008 1956 1090 2018 iudan

108 2052 235 2113 joesso.
275 2043 424 2122 digressus
445 2043 552 2105 deinde
574 2046 638 2124 ipse
658 2045 695 2107 ad
714 2044 812 2106 locum
833 2047 995 2108 visendum.
1033 2029 1091 2100 balb
1130 2048 1132 2121 ξ

110 2132 124 2197 ξ.
161 2125 249 2189 dubia
264 2144 314 2189 res
327 2128 400 2199 visa,
419 2129 490 2206 quin
505 2130 652 2207 periuria
667 2130 746 2190 circa
758 2147 814 2195 nec
829 2131 900 2190 trita
916 2137 999 2191 antea
1014 2134 1091 2204 quom·
1130 2134 1132 2209 t

111 2212 204 2289 {osis
223 2210 313 2292 longo
330 2210 443 2274 ambitu
463 2212 698 2274 circumduceret
724 2230 840 2292 agmen.
869 2231 906 2274 ea
921 2229 989 2274 vero
1011 2204 1090 2268 riaifl·
1131 2236 1132 2271 r

109 2300 118 2335 ,e
154 2294 334 2377 superabilis
347 2294 417 2358 init:
437 2313 504 2357 nam
522 2314 590 2359 cum
613 2314 704 2377 super
724 2304 852 2358 veterem
868 2299 966 2358 nivem
982 2296 1091 2354 iunctm
1131 2298 1132 2305 ’

161 2397 235 2440 nova
247 2378 381 2442 modicae
387 2379 546 2442 altitudinis
553 2388 647 2451 esset,
661 2378 743 2441 molli
752 2398 807 2440 nec
818 2380 967 2461 praealtae
973 2374 1091 2449 rudepe
1130 2402 1132 2453 χ

107 2482 114 2539 5
133 2462 213 2523 ddes
221 2463 447 2541 ingredientium
463 2463 648 2535 insistebant;
664 2471 697 2526 ut
708 2483 776 2525 vcro
787 2471 831 2525 tot
842 2463 1090 2526 dominumtuum·

107 2548 118 2625 ᾖ
161 2554 318 2627 torumque
339 2549 455 2609 incessu
477 2546 588 2628 dilapsa
608 2555 667 2618 est,
690 2565 745 2628 per
768 2547 877 2609 nudam
894 2548 972 2608 inira
994 2540 1091 2622 glaciem

133 2629 358 2711 tduentemque
373 2632 470 2694 tabem
485 2631 674 2712 liquescentis
688 2632 763 2692 nivis
777 2630 1024 2709 ingrediebantur.
1047 2630 1091 2715 ¹⁸⁶?

162 2720 208 2773 tra
222 2712 265 2774 ibi
278 2712 398 2776 luctatio
414 2723 478 2777 erat
492 2717 538 2777 via
548 2713 662 2777 lubrica
676 2714 769 2793 glacie
784 2732 844 2776 non
856 2717 1015 2794 recipiente
1026 2709 1091 2768 vasu·

162 2798 241 2874 gium
257 2803 287 2856 et
298 2797 331 2856 in
345 2815 441 2876 prono
456 2798 542 2859 citius
554 2798 645 2877 pedes
655 2797 790 2873 fallente,
806 2806 853 2868 ut,
868 2817 922 2859 scu
932 2785 1091 2859 manibuslss

118 2948 124 2967 ἴ
162 2878 349 2956 adsurgendo
374 2899 429 2942 seu
448 2899 527 2960 genu
552 2899 585 2941 se
612 2882 803 2953 adiuussant,
836 2883 907 2961 ipsis
934 2867 1091 2943 adminiculi⁸

125 3004 130 3027 -,
160 2960 306 3041 prolapsis
323 2964 432 3024 iterum
453 2971 641 3034 corruerent3
663 2983 718 3026 neo
732 2967 840 3046 stirpes
858 2967 937 3027 circa
957 2961 1089 3024 radicasu

122 3034 133 3068 bi

12 1930 15 2009 l

160 3131 190 3191 in
202 3128 260 3192 levi
271 3130 486 3211 tantumglacie
499 3130 655 3211 tabidaque
667 3132 733 3193 nive
744 3131 959 3194 volutabantur.
985 3123 1091 3190 domenii

140 3212 301 3275 'secabant
323 3215 472 3277 interdum
498 3217 584 3277 etiam
610 3213 739 3297 [umen]
765 3216 895 3277 intimam
921 3200 1091 3292 ingredienti

132 3296 276 3371 guinem,
297 3305 327 3360 et
338 3299 476 3381 prolapsa
489 3298 632 3362 iactandis
641 3301 758 3378 gravius
779 3301 811 3361 ln
826 3297 981 3362 conitendo
997 3282 1091 3368 Πηρὼ

26 3402 28 3411 =
125 3366 138 3449 ξ
162 3378 279 3454 penitus
289 3382 525 3461 perfringebant‚
540 3390 573 3444 ut
583 3381 725 3462 pleraque
739 3381 818 3445 velut
829 3383 932 3464 pedica
946 3384 1027 3460 capta
1037 3372 1091 3433 bit·

27 3482 31 3545 Α
127 3456 133 3491 ¹
162 3467 263 3520 rerent
278 3461 310 3520 in
327 3461 401 3525 dura
418 3473 448 3528 et
464 3466 521 3528 alte
533 3473 672 3528 concreta
687 3465 791 3547 glacia.

27 3554 64 3743 ᾖ

125 3078 151 3361 ξ
163 3046 200 3108 ad
214 3063 286 3125 quas
299 3045 376 3124 pede
390 3055 440 3108 aut
453 3065 544 3109 manu
558 3049 711 3128 qubqrram
730 3051 803 3110 eniti
822 3056 934 3130 posset,
960 3049 1051 3107 eraut:
1061 3037 1091 3095 ta
