2290 3920
206 239 299 284 arsur
311 242 375 287 xxr.
392 239 460 283 oar.
476 230 519 283 22.
537 229 579 283 23.
591 231 634 282 24.
650 220 689 302 [a.
706 223 740 284 (l.
755 221 816 305 2¹8]
929 225 991 290 223

46 385 146 450 Italiam
162 386 317 463 Hannibali
334 391 471 450 missum:
493 389 619 469 proinde
641 397 813 468 sequeretur
828 407 924 469 nequo
941 406 990 449 us·
1045 378 1055 439 ἶ

45 490 122 550 quam
142 490 157 532 a
174 490 206 532 se
222 471 393 533 deflecteret
418 472 527 534 oculos.
565 472 700 553 pavidum
730 474 827 552 primo
847 479 1019 552 nusquam?

46 556 320 635 circumspicientem
337 565 388 618 aut
401 558 610 637 respicientem
628 563 777 627 secutum;
794 556 901 616 deinde
919 574 989 617 cura

44 639 142 716 ingenii
162 639 299 710 humani,
322 657 405 712 cum,
427 641 566 720 quidnam
588 640 617 700 id
634 647 725 711 esset,
746 640 823 719 quod
843 640 991 717 respicere

46 724 138 784 vetitus
155 729 247 795 esset,
266 725 391 801 agitaret
405 726 519 796 animo,
537 732 702 803 temperare
716 722 810 784 oculis
825 722 991 802 nequivisse

45 823 114 876 cum,
135 806 243 867 vidisse
261 815 328 886 post
341 826 406 869 sese
427 816 595 888 serpentem
616 809 690 868 mira
712 806 912 885 magnitudine
926 812 1021 866 cume

45 889 142 966 lugenti
157 890 299 952 arborum
316 910 351 952 ac
369 891 560 969 virgultorum
574 899 672 969 strage
684 892 757 951 ferri
777 909 811 951 ac
827 896 893 970 post
913 891 990 949 inse·

46 974 158 1051 quicum
169 973 291 1053 fragore
303 973 377 1035 caeli
388 975 531 1037 nimbum,
560 984 639 1044 tum,
651 978 726 1054 quae
735 974 829 1035 moles
841 992 874 1033 ea
886 971 1021 1053 quidrett

45 1058 156 1136 prodigii
168 1066 261 1129 esset,
278 1066 469 1137 quaerentem
481 1060 610 1130 audisse,
626 1061 789 1119 vastitatem
800 1056 899 1120 ltaliae
912 1073 990 1117 csse:

47 1148 170 1218 pergeret
182 1159 275 1221 porro
289 1143 335 1203 ire
349 1160 405 1203 nec
421 1141 496 1204 ultra
511 1144 676 1223 inquireret
688 1145 857 1222 sineretque
877 1140 935 1201 lata
960 1141 1011 1221 ig..

46 1225 145 1286 occulto
159 1243 233 1287 esse.

95 1307 193 1370 XXIII.
246 1309 309 1371 Hoc
334 1311 398 1370 visu
426 1310 520 1370 laetus
553 1311 701 1389 tripertito
725 1309 866 1370 Hiberum
893 1309 1018 1386 copiast

47 1392 144 1454 traiecit
152 1394 338 1472 praemissis,
355 1396 405 1472 qui
418 1391 568 1454 Gallorum
580 1396 708 1461 animos,
726 1410 782 1470 qua
794 1391 993 1452 traducendus

47 1478 174 1537 exercitus
185 1484 267 1547 erat,
283 1477 371 1537 donis
381 1476 573 1537 conciliarent
583 1475 756 1554 Alpiumque
771 1476 913 1535 transitus
926 1492 992 1551 spe·

47 1556 209 1621 cularentur.
231 1562 394 1639 nonaginta
406 1560 485 1622 milia
498 1559 640 1637 peditum,
652 1557 807 1619 duodecim
819 1556 898 1616 milia
910 1557 992 1634 equi·

16 1712 18 1717 .
46 1644 95 1701 tum
114 1644 258 1706 Hiberum
280 1644 418 1706 traduxit.
461 1642 602 1720 Ilergetes
624 1642 694 1702 inde
720 1641 936 1718 Bargusiosque
962 1644 1021 1699 ct2

45 1721 187 1789 Ausetanos
203 1738 232 1789 et
257 1728 457 1798 Lacetaniam,
477 1745 552 1807 quac
569 1727 700 1788 subiecta
711 1725 869 1806 Pyrenaeis
885 1722 992 1783 monti·
1043 1766 1045 1771 .

46 1802 90 1868 bus
105 1819 160 1880 cst,
179 1811 316 1888 subegit,
332 1829 459 1890 oraeque
474 1811 543 1872 huic
558 1813 639 1872 omni
653 1810 796 1889 praefecit
806 1808 991 1870 Hannonem.
1039 1806 1041 1809 ’

46 1896 72 1948 ut
91 1894 200 1966 lauces,
224 1913 303 1975 quae
324 1894 478 1975 Hispanias
499 1894 600 1955 Galliis
624 1896 763 1973 iungunt,
790 1894 822 1953 in
847 1897 992 1971 potestate

46 1986 136 2038 essem.
169 1980 276 2040 decem
291 1977 370 2038 milia
388 1979 518 2056 peditum
534 1978 670 2039 Hannoni
687 1978 722 2039 ad
740 1975 918 2059 praesidium
941 1973 1022 2034 ob·³

45 2056 165 2123 tituendae
178 2063 314 2142 regionis
331 2062 397 2122 data
412 2067 442 2122 et
455 2061 535 2122 mille
551 2063 672 2142 equites.
698 2069 852 2142 postquam
866 2077 921 2137 per
935 2059 1020 2136 Py·4

44 2155 169 2207 rcnaeum
185 2147 296 2209 saltum
318 2145 433 2206 traduci
449 2147 594 2207 exercitus
610 2152 655 2206 est
673 2152 809 2225 coeptus,
831 2158 992 2219 rumorque

44 2239 88 2300 per
105 2228 250 2292 barbaros
265 2231 394 2290 manarit
411 2231 520 2290 certior
536 2228 573 2289 de
587 2228 666 2289 bello
677 2230 824 2298 Romano,
840 2226 896 2285 tria
911 2223 991 2282 milia

44 2306 100 2370 lude
121 2313 355 2393 Carpetanorum
380 2305 512 2391 peditum
541 2314 599 2372 lter
619 2317 798 2372 averterunt.
840 2305 993 2367 constabat

45 2406 94 2453 uon
113 2403 170 2457 tam
192 2395 275 2458 bello
296 2404 392 2456 motos
412 2414 499 2476 quam
522 2395 735 2474 longinquitate
755 2395 818 2453 viae
837 2392 991 2469 insupera-

44 2469 139 2557 biquuc
153 2480 273 2561 Alpium
295 2480 429 2541 transitu.
458 2477 620 2548 Hannibal,
642 2479 709 2558 quia
732 2493 872 2537 revocare
893 2480 942 2534 aut
963 2475 1018 2534 vit

45 2561 159 2625 retinere
171 2583 224 2625 eos
236 2581 346 2642 anceps
358 2571 435 2634 erat,
448 2581 486 2623 ne
498 2569 664 2623 ceterorum
677 2562 764 2621 etiam
775 2560 890 2619 feroces
902 2557 992 2616 animi

45 2639 239 2718 irritarentur,
255 2665 345 2726 supra
357 2655 469 2727 septem
484 2645 564 2707 milia
581 2645 734 2705 hominum
751 2643 854 2702 domos
867 2641 1020 2710 remisitd

45 2740 107 2800 quos
120 2733 226 2809 etipse
244 2733 360 2811 gravari
382 2730 484 2791 mllitia
506 2736 653 2799 senserat,
678 2728 856 2806 Carpetanos
874 2743 992 2805 quoque

44 2805 75 2867 ab
94 2830 124 2873 se
145 2814 282 2876 dimissos
302 2814 451 2876 simulans.
501 2813 600 2874 XXIV.
630 2811 717 2882 Inde,
739 2829 777 2872 ne
798 2828 884 2872 mora
906 2815 1019 2888 atquel

45 2893 124 2959 otium
140 2900 256 2961 animos
270 2898 454 2969 sollicitaret,
476 2916 542 2959 cum
558 2896 678 2976 reliquis
694 2897 786 2975 copiis
806 2895 993 2973 Pyrenaeum

45 2978 250 3058 transgreditur
272 2990 301 3044 et
323 2982 360 3044 ad
381 2981 521 3061 oppidum
543 2980 658 3042 Iliberri
678 2989 773 3041 castra
794 2979 883 3039 locat.
915 2976 1020 3038 Gallia

45 3072 209 3144 quamquam
225 3067 324 3128 ltaliae
340 3064 448 3127 bellum
472 3066 577 3126 inferri
594 3065 766 3133 audiebant,
785 3070 901 3131 tamen,
924 3061 991 3137 quia

45 3141 213 3211 risubaccos
233 3158 314 3212 trans
328 3150 511 3228 Pyrenaeum
525 3150 671 3226 Hispanos
695 3148 772 3206 lama
794 3152 858 3206 erat
878 3143 990 3221 pracsi-

47 3220 141 3307 diuque
155 3232 248 3294 valida
260 3235 401 3314 inposita,
414 3245 494 3294 metu
505 3233 653 3292 servitutis
664 3230 788 3291 adarma
800 3227 989 3296 consternati,

47 3300 233 3378 Ruscinonem
253 3318 364 3398 aliquot
386 3316 487 3397 populi
503 3317 690 3376 conveniunt.
721 3311 799 3393 quod
815 3310 867 3372 ubi
881 3310 1020 3371 Hanni-3

48 3382 100 3452 batt
113 3402 272 3464 nuntiatum
289 3410 347 3473 est,
372 3418 486 3462 moram
500 3401 594 3479 magis
613 3418 700 3479 quam
721 3394 831 3459 bellum
846 3403 990 3466 metuens

48 3483 168 3543 oratores
188 3484 227 3546 ad
245 3486 364 3567 regulos
385 3505 487 3547 eorum
509 3487 603 3556 misit,
623 3483 759 3566 conloqui
782 3489 877 3544 semet
896 3482 991 3561 Ipsum
