2290 3920
326 236 418 278 41444
434 238 464 277 11.
483 235 550 279 444.
566 226 608 276 44.
623 225 668 277 45.
684 216 723 298 [4.
740 221 774 282 O.
792 218 855 302 293]
1010 226 1071 289 197

110 401 202 461 gnem
221 382 321 444 multis
335 382 407 443 locis
419 401 540 461 operam
556 384 713 445 corniculis
727 354 910 480 armillisque
923 389 1071 465 argenteis

110 467 213 526 donat
248 465 403 527 consilium
425 467 494 527 inde
515 466 662 538 habitum,
689 484 755 527 oum
777 467 858 527 1441
855 478 976 547 tempus
995 476 1101 530 444416

108 549 278 647 deducendi
289 548 326 608 ab
340 549 461 610 Samnio
476 551 622 611 4114141144
636 557 686 611 aaut
700 551 852 630 [adusque
868 559 921 612 441
931 560 1023 613 certe
1027 552 1069 613 41·

244 633 484 693 11111111111111811111
528 658 575 689 tn
606 657 669 693 1.4
738 657 873 693 ‚urfica
914 659 978 696 ,41
1028 660 1063 692 nn

106 677 225 799 essent
251 733 286 776 eo
307 717 485 797 pertinacius
501 724 533 777 et
549 717 685 778 inlestius
698 734 787 798 4444
803 724 902 779 cetera
916 726 948 778 41
964 736 1069 799 44144-

105 799 1070 945 114144444111141111114111444444144444114

102 892 155 962 Ea
178 899 190 941 1
211 890 319 963 1414441.
355 882 473 963 quaudo
486 886 585 945 144111
627 903 661 946 us
673 891 754 946 esset
773 884 901 947 bostium
910 886 1099 955 4141411448

25 1024 31 1041 ,
104 969 160 1048 qui
173 967 268 1046 signis
282 965 406 1028 44414114
422 967 613 1029 (1141441444
627 969 791 1039 videretur,
808 986 900 1031 411441
915 985 1071 1048 superesse

103 1049 182 1113 belli
202 1066 310 1129 genus,
334 1049 453 1112 urbium
468 1054 715 1132 oppugnationes,
739 1070 863 1133 quarum
886 1070 940 1132 per
957 1051 1071 1117 uncidin

103 1133 235 1195 militem
250 1133 433 1214 locupletare
458 1135 569 1214 praeda
590 1144 619 1197 et
643 1136 758 1198 hostem
782 1156 838 1216 pro
862 1138 976 1198 arisae
996 1135 1070 1196 iocis

105 1219 301 1279 dimicantem
321 1218 466 1279 44414414
491 1228 622 1299 possent.
663 1222 761 1300 ltaque
786 1219 892 1282 litteris
917 1221 1014 1282 missis
1035 1219 1103 1279 adt

1 1305 2 1308 ’
103 1308 246 1364 senatum
269 1300 469 1382 populumque
488 1304 654 1365 Romanum
679 1304 716 1364 de
743 1303 831 1365 rebus
856 1304 895 1365 ab
919 1322 953 1363 se
980 1304 1069 1382 gestis

104 1386 233 1455 diversi,
255 1385 390 1466 Papirius
410 1386 448 1446 ad
469 1387 642 1465 Saepinum,
665 1386 805 1449 Carnibus
825 1386 863 1447 ad
883 1386 995 1447 Veliam
1016 1405 1068 1464 op-

102 1468 298 1550 puguandam
312 1469 445 1551 legiones
464 1470 583 1530 ducunt.

172 1552 257 1614 XLV
285 1553 413 1615 Litterae
432 1552 587 1629 consulum
611 1554 725 1632 ingenti
749 1551 858 1623 laetitia
880 1560 909 1612 et
933 1553 966 1610 14
987 1553 1094 1612 curial

104 1638 183 1698 4114
193 1638 330 1698 cautione
340 1637 471 1708 auditae,
488 1645 518 1698 et
529 1637 685 1716 quadrimi
695 1632 863 1715 supplicat'
839 1652 907 1696 rone
918 1633 1068 1713 poblicum

1 1750 2 1753 ¹
103 1719 249 1800 gaudum
268 1721 399 1800 priuatis
400 1721 512 1782 eludis
526 1717 710 1782 celebratum
726 1728 778 1781 441
807 1737 865 1780 nec
887 1716 995 1798 populo
1011 1716 1069 1777 lio·
1080 1724 1096 1773 2

101 1820 197 1865 mano
226 1820 332 1900 magna
356 1803 453 1865 solum
479 1804 532 1865 sed
557 1798 757 1885 peroportuna
777 1805 871 1873 etiarn
885 1821 923 1863 ea
949 1798 1069 1874 victbi'i'a

102 1887 179 1958 1411,
201 1887 268 1965 quia
286 1904 341 1965 per
360 1887 439 1947 idem
456 1886 532 1949 iorte
551 1893 669 1967 ternpus
683 1886 841 1949 rebellasse
856 1883 996 1948 Etruscos
1003 1870 1067 1944 11-

1 2039 3 2042 ,
101 1969 199 2031 latum
219 1976 273 2030 441.
309 1969 428 2032 subibat
438 1972 579 2049 cogitatio
599 1973 742 2042 animum,
765 1988 893 2070 [1444441
914 1970 1017 2032 modo
1023 1973 1095 2029 tos

102 2051 239 2115 lerabilis
258 2053 356 2114 1111414
370 2054 488 2116 nunna
505 2054 620 2125 luisset,
640 2055 780 2135 siquid
771 2075 803 2117 14
817 2055 937 2117 Samnio
952 2054 1067 2116 adversi

103 2138 267 2206 evenisset,
288 2154 363 2216 quae
382 2139 584 2200 coniuratione
600 2139 773 2200 Samnitium
793 2146 906 2207 erecta,
929 2140 1066 2215 quoniam

103 2218 196 2282 ambo
214 2219 349 2281 consules
369 2223 523 2300 omnisque
537 2222 668 2298 Romana
688 2224 730 2283 114
745 2240 846 2283 aversa
868 2221 1067 2282 insomnium

103 2302 199 2373 esset,
224 2305 446 2384 occupationem
464 2304 568 2385 populi
581 2304 706 2367 Romani
725 2322 787 2383 pro,
795 2304 949 2367 occasione
969 2302 1066 2363 rebel·

102 2386 187 2448 laudi
207 2386 365 2448 habuisset.
412 2386 573 2466 legationes
596 2387 759 2458 sociorum,
785 2405 800 2448 a
821 2385 1096 2471 1111111144144-11

104 2478 172 2532 tore
191 2471 371 2532 1444441414
393 2471 592 2542 introductae,
617 2471 816 2550 querebantur
835 2471 1066 2545 misereatui

103 2572 194 2634 agnos
215 2574 232 2616 a
248 2555 378 2619 1141111414
391 2555 541 2624 Etruscis,
562 2555 640 2634 quod
662 2553 826 2614 desciscere
844 2572 863 2612 a
882 2552 1065 2632 4441114114-

102 2656 193 2700 mano
210 2636 337 2709 nollent,
361 2636 641 2717 obtestabanturque
654 2643 756 2714 patres
769 2637 965 2715 conscriptos,
987 2643 1019 2696 ut
1033 2642 1094 2696 seu

102 2722 256 2800 auiatque
265 2722 374 2782 iniuria
384 2722 586 2782 communium
598 2720 727 2781 bostium
738 2727 915 2783 mtaaentur.
942 2737 1065 2799 respon-

102 2823 171 2866 sum
192 2802 296 2882 legatis
316 2821 405 2866 curae
424 2806 540 2866 senatui
559 2804 706 2874 14141441,
729 2821 767 2865 44
787 2805 882 2865 444144
901 2804 971 2865 lidei
993 2821 1068 2864 suae

101 2889 283 2967 paeniteretz
295 2887 486 2949 Etruscorum
497 2905 591 2968 prope
599 2889 810 2949 dicmeandem
821 2886 970 2950 fortunam
977 2905 1065 2967 44441

103 2971 280 3031 Samnitium
295 2972 369 3031 lore.
403 2972 524 3049 segnius
534 2979 646 3042 tamen,
670 2972 748 3051 quod
768 2972 804 3032 ad
822 2972 970 3045 Etruriam
991 2971 1095 3031 add-6

101 3051 208 3124 nebat,
224 3059 288 3114 acta
305 3071 353 3114 res
367 3062 460 3124 esset,
478 3056 509 3113 ui
523 3054 653 3116 Faliscos
669 3073 799 3133 quoque,
819 3056 872 3133 qui
886 3071 940 3132 per
957 3053 1064 3112 multos

101 3153 198 3198 annos
218 3138 250 3198 in
270 3139 397 3198 amicitia
418 3136 551 3206 inerant,
578 3137 706 3198 adlatum
730 3138 808 3197 14141
832 3155 914 3197 arma
933 3135 1064 3195 Etruscis

100 3221 244 3281 iunxisse.
278 3219 365 3281 huius
376 3221 582 3299 propinquitas
594 3219 696 3298 populi
712 3220 791 3280 acuit
804 3236 906 3280 curam
921 3217 1091 3296 petribunt

99 3312 136 3364 ut
149 3301 263 3365 14114144
278 3304 438 3366 mittendos
452 3303 488 3364 ad
502 3320 552 3363 res
566 3302 742 3382 repetendas
757 3308 921 3363 censerent
958 3301 1064 3382 quibus

99 3404 163 3447 nou
189 3387 312 3447 redditis
334 3406 370 3448 ex
397 3389 571 3449 4441441414
588 3392 705 3467 patrum
726 3387 806 3448 14444
828 3384 927 3466 populi
954 3384 1062 3447 bellum

102 3468 226 3531 Faliscis
244 3471 387 3534 indictum
411 3479 468 3543 est,
493 3472 622 3551 iussique
643 3469 780 3533 consules
799 3471 912 3541 sortiri,
938 3478 1004 3531 uter
1027 3474 1090 3529 418
