2396 3920
149 207 191 270 tt
290 222 385 265 umus
399 222 455 264 vn.
472 221 540 264 oar.
557 211 600 266 at.
618 212 661 260 22.
678 201 717 284 [a.
732 227 765 266 u.
779 225 805 267 o.
821 211 883 264 tot.
897 202 960 286 404]

150 369 269 432 comitia
283 367 401 439 baberi,
417 370 449 430 ni
464 369 628 431 meandum
643 369 786 432 Liciniam
800 369 897 450 legam
913 369 1110 443 haberentur,

149 455 294 515 dictatore
308 451 456 514 obstinato
470 452 576 516 tollere
589 455 689 534 potius
710 461 835 516 totume
852 473 887 516 re
901 452 1019 534 publica
1035 472 1110 517 oon-

117 536 275 600 ascletum
292 554 380 616 quam
394 539 575 616 promiscum
592 537 729 617 ,patribus
748 556 783 600 ac
798 538 881 618 plebi
899 539 1007 599 lacere.
1036 554 1110 617 pro-

149 620 276 683 latandis
289 621 381 699 ‘iginu
408 623 534 682 comitiis
553 639 623 682 oum
643 620 768 684 dictator
793 624 966 700 magistratu
986 620 1108 693 abisset,

149 722 199 766 res
214 703 251 764 ad
263 706 470 783 interregnum
483 704 580 767 rediit.
613 705 750 769 motam
762 706 836 767 inde
844 705 977 785 patribus
986 704 1109 783 plebem
1190 730 1195 793 p

148 790 315 868 interreges
337 804 406 850 cum
429 790 631 868 accepissent,
653 790 689 851 ad
704 789 900 852 ‚rmdecimmn
926 790 1107 867 interregem
1191 806 1195 879 p

118 880 134 932 3
149 872 342 935 seditionibus
357 878 501 934 cenatum
515 879 569 934 est.
603 871 683 952 legis
697 873 827 936 Liciniae
842 872 1040 952 pauooinium
1055 875 1108 934 tri-
1184 882 1194 945 ς’

149 956 223 1017 boni
237 955 400 1025 imtsbant;
415 957 538 1036 propior
553 955 638 1019 dolor
649 956 733 1037 plebi
750 957 881 1019 laoaoris
899 959 1107 1034 ingravescen-
1192 976 1193 987 ²

150 1043 190 1101 tis
200 1049 281 1109 erat,
297 1056 446 1119 moraeque
458 1042 590 1119 privatae
601 1043 634 1101 in
649 1040 858 1103 certaminibus
871 1039 997 1119 publicis
1008 1058 1107 1102 erum·
1189 1020 1193 1055 ¹

117 1123 267 1203 tpebant.
305 1141 435 1202 samum
458 1124 555 1185 taedio
571 1132 674 1205 ⁴patrus
691 1126 724 1187 L.
749 1123 918 1190 Cornelium
937 1123 1107 1203 Scipionem

147 1210 329 1285 interregem
352 1207 528 1269 concordiae
549 1226 637 1271 causa
659 1208 818 1270 obsermre
844 1207 941 1288 legem
963 1207 1107 1269 Liciniam

149 1292 275 1352 comita
290 1290 495 1353 consularibus
509 1294 632 1354 iussere.
662 1293 695 1354 P.
710 1291 827 1354 Valerio
839 1290 1007 1357 Publicolae
1023 1290 1108 1353 datus

116 1380 165 1435 te
186 1373 274 1454 plebe
302 1373 413 1453 collega
432 1375 465 1438 C.
490 1376 617 1438 linceius
636 1374 761 1438 Rutilus.
796 1373 1057 1459 inclinatisascmel
1076 1376 1108 1435 in

150 1457 339 1519 concordiam
354 1460 459 1523 animis
475 1462 544 1522 novi
557 1459 694 1538 consules
710 1459 887 1522 faenebrem.
898 1477 1015 1539 quoque
1032 1475 1107 1529 rem,

149 1561 224 1623 quae
240 1541 383 1604 dbdaoee
396 1562 456 1605 una
471 1546 586 1606 animos
606 1543 774 1613 videbatur,
796 1542 892 1604 levare
908 1541 1046 1620 adgressi
1060 1560 1108 1603 so-

149 1627 292 1688 lutionem
310 1626 398 1687 alieni
412 1629 489 1689 aeris
505 1630 536 1688 in
557 1628 706 1706 publicam
726 1644 827 1689 curam
848 1633 1001 1689 verterunt
1021 1627 1107 1705 quin·

149 1710 278 1787 queritis
289 1712 409 1780 creatis,
423 1728 500 1788 quos
510 1713 675 1772 mensarios
684 1708 721 1770 ab
732 1708 951 1789 dispensatione
962 1710 1109 1789 pecuniae

116 1799 134 1851 d
149 1790 343 1872 appellarunt.
363 1795 463 1853 meriti
473 1795 619 1871 aequitate
631 1808 760 1869 curaque
773 1801 851 1865 suut,
865 1802 899 1855 ut
909 1810 963 1872 per
974 1793 1108 1856 omnium

149 1874 298 1936 annalium
321 1883 512 1937 monumenta
534 1875 667 1938 celebres
688 1877 855 1939 nominibus
874 1883 982 1939 essent
1023 1876 1108 1937 tuere

150 1965 248 2020 autem
266 1958 297 2020 G.
313 1957 443 2020 Duellius
461 1958 494 2020 P.
509 1960 615 2022 lleoius
628 1961 693 2022 ilus
706 1959 743 2022 tt.
759 1961 896 2041 Papirius
910 1960 946 2033 lb
963 1958 1108 2021 Publilius

117 2051 133 2101 7
149 2049 180 2103 et
192 2043 227 2103 t.
242 2041 399 2111 aemilium
423 2044 475 2122 qni
494 2060 559 2106 rem
575 2043 776 2107 difficillimam
790 2051 916 2106 trsctmu
930 2052 961 2105 et
975 2043 1107 2123 plerum·

148 2145 206 2206 que
226 2127 303 2206 parti
322 2127 457 2205 utrique,
480 2145 597 2207 semper
619 2135 700 2190 certe
720 2127 805 2188 alteri
828 2145 945 2208 gravem
968 2145 1037 2189 cum
1052 2125 1108 2188 alia

150 2210 352 2272 moderatione
370 2216 434 2270 tum
453 2211 594 2289 inpendio
613 2213 707 2290 magis
736 2210 855 2291 publico
880 2229 969 2293 quam
993 2212 1108 2272 iactura

117 2295 361 2356 ssustinueront
394 2293 482 2355 ¹tarda
503 2297 582 2357 enim
604 2297 724 2356 nomina
743 2303 773 2356 et
800 2295 977 2376 inpeditiora
998 2292 1107 2355 inertia

149 2375 317 2438 debitorum
336 2395 424 2457 quam
448 2378 636 2440 facultatibus
658 2384 708 2441 aut
729 2381 876 2441 aerarium
906 2379 1018 2439 mensis
1039 2395 1107 2438 curn

148 2478 218 2521 aere
232 2462 265 2521 in
279 2459 343 2522 loro
359 2463 467 2542 positis
481 2462 631 2534 dissolvit,
658 2471 691 2525 ut
709 2462 819 2542 populo
838 2464 922 2543 prius
942 2469 1107 2531 caveretur,

149 2547 374 2628 aut-aestimatio
389 2548 490 2627 aequis
504 2565 606 2608 rerum
616 2548 719 2627 pretiis
732 2545 880 2616 liberarit,
895 2552 1003 2607 utnon
1016 2543 1108 2605 modo

148 2632 214 2691 sine
227 2632 350 2701 iniuria,
371 2631 527 2693 sedetiam
546 2632 610 2693 sine
630 2631 821 2710 querimoniis
837 2630 930 2711 partis
951 2630 1107 2707 utriusque

150 2713 290 2773 exhausta
308 2715 350 2774 vis
362 2716 468 2792 iugens
482 2716 559 2776 aeris
575 2714 664 2774 aliam
677 2716 723 2774 sit.

116 2801 134 2852 9
210 2795 323 2855 Terror
337 2795 410 2855 inde
421 2813 512 2857 vanus
525 2795 596 2857 belli
612 2797 743 2867 Etrusci,
760 2814 828 2858 oum
844 2798 1017 2858 coniurasse
1034 2795 1107 2857 duo·

149 2877 245 2938 decim
262 2877 387 2957 populos
402 2879 480 2940 lama
494 2890 587 2952 asset,
605 2881 777 2943 dictatorem
793 2879 851 2940 diei
868 2882 988 2959 coegit.¹
1010 2878 1108 2940 dietus

148 2963 291 3021 incastris
304 2993 343 3006 -
357 2979 393 3023 eo
403 2963 525 3024 enimad
534 2963 800 3026 consulesmissum
813 2961 1109 3025 senatusconsultum

150 3051 197 3105 est
212 3078 250 3091 -
271 3044 302 3105 C.
313 3044 419 3119 lulius,
443 3049 491 3108 cui
510 3049 649 3127 magister
666 3050 796 3128 equitum
813 3047 945 3108 adiectus
959 3047 993 3108 L.
1008 3047 1109 3108 Aemi·

119 3128 214 3191 llius.
244 3135 375 3191 ceterum
386 3130 459 3191 ioris
478 3131 634 3211 trantprilla
648 3134 746 3193 omnia
761 3131 853 3192 luere.
897 3130 987 3192 XXII.
1018 3129 1109 3192 'l'em-

149 3219 260 3293 ptatum
282 3213 360 3276 domi
383 3231 437 3295 per
458 3213 645 3287 dictatorem,
666 3223 699 3276 ut
719 3213 806 3275 ambo
826 3215 943 3294 patricii
968 3214 1109 3276 consules

117 3304 134 3354 2
148 3303 335 3367 crearentur,
351 3316 415 3360 rem
428 3298 464 3361 ad
477 3301 681 3377 interregnum
691 3299 838 3376 perduxit.
866 3299 925 3361 duo
940 3298 1110 3375 interreges
1131 3319 1134 3324 ·

149 3378 181 3441 C.
202 3376 349 3457 Sulpicius
361 3390 391 3443 et
403 3382 441 3443 li.
458 3383 566 3444 Fabios
582 3383 749 3462 interpositi
765 3382 932 3453 obtinuere,
950 3381 1029 3462 quod
1047 3382 1110 3442 dio·

149 3467 225 3524 tator
252 3461 360 3524 trustra
388 3466 565 3537 tetenderat,
597 3466 715 3526 mitiore
739 3466 797 3526 mm
822 3464 909 3545 plebe
936 3464 975 3526 ob
1001 3483 1110 3526 recens
