2280 3926
293 235 387 279 nasus
400 237 443 279 ux.
457 234 525 278 oua.
542 172 584 276 13.
601 224 643 276 14.
660 214 699 298 [3.
714 216 748 280 0.
762 215 825 299 320]
977 223 1038 285 107
1135 300 1136 303 Ἴ

3 422 5 427 >
92 385 166 445 iuriis
185 391 213 445 et
231 382 298 445 odio
315 400 403 464 quam
423 382 566 445 beneflcio
589 380 649 444 ullo
670 382 771 463 populi
791 383 927 447 Romani.
970 392 1067 445 narni
1135 426 1136 457 3

94 468 224 530 Samnites
249 485 285 528 33
303 473 477 548 tempestate
502 469 534 529 in
555 465 706 529 montibus
733 470 846 530 vicatim
873 467 1040 530 habitantes

90 553 253 629 campestria
268 559 298 613 et
313 552 461 613 manliana
478 550 543 613 loca
556 556 724 630 contempto
740 551 889 615 cautorum
903 551 1039 614 molliore
1135 600 1136 613 ,

89 641 180 716 alque,
194 644 227 696 ut
240 637 338 697 evenit
351 635 430 706 iere,
452 633 524 695 locis
541 634 628 696 simili
649 652 760 714 genere
775 637 832 715 ipsi
846 637 980 698 montani
996 644 1038 695 at·
1135 704 1136 707 Ἴ

88 737 140 798 qua
154 726 284 797 agrestes
298 718 562 800 depopulabantur.
597 720 770 799 quaeregio
784 721 811 780 si
825 720 884 781 lida
900 719 1038 781 Samniti·
1051 725 1068 776 8
1135 728 1136 787 ζ

89 800 136 864 bus
154 803 270 875 inisset,
294 810 345 865 aut
360 804 515 883 pervenire
534 804 629 884 arpos
649 804 798 865 33333333
812 802 974 864 Romanus·
987 821 1039 864 ne·
1135 846 1136 851 η

80 888 203 965 quisset,
221 895 271 949 aut
291 888 446 948 interiecta
466 888 544 947 iuter
557 887 682 948 Romam
697 895 728 949 et
742 888 838 968 Arpos
851 887 978 966 penuria
991 905 1039 946 re·
1135 928 1136 933 η

3 984 5 987 ·
88 986 146 1031 rum
160 973 292 1033 omnium
309 970 444 1034 exclusos
463 988 480 1032 a
495 970 706 1032 commeatibus
722 971 941 1051 absumpsisset.
974 974 1066 1031 tuma

85 1072 193 1134 quoque
206 1055 359 1136 proiectos
372 1054 441 1115 inde
458 1054 495 1115 ad
512 1054 680 1127 Luceriam,
704 1057 784 1117 iuxta
800 1054 969 1137 obsidentes
987 1052 1041 1113 ob·

86 1155 248 1220 cessosque,
263 1139 364 1218 inopia
374 1140 496 1200 vexarit.
523 1140 620 1200 omnia
632 1139 668 1200 ab
679 1140 767 1219 Arpis
777 1140 919 1202 Romanis
932 1156 1040 1217 suppe·
1135 1188 1136 1191 ,

3 1276 5 1283 ,
84 1220 256 1294 litabantur,
272 1229 404 1285 ceterum
421 1222 495 1283 adeo
507 1224 620 1302 exigue,
636 1231 669 1283 ut
682 1223 768 1285 militi
782 1232 925 1303 occupato
939 1223 1040 1284 statio·
1135 1262 1136 1265 ,

3 1366 5 1369 ,
87 1305 163 1367 uibus
175 1306 342 1387 uigiliisque
356 1313 385 1367 et
400 1324 491 1387 opere
503 1324 593 1386 eques
607 1305 744 1369 folliculis
753 1309 785 1368 in
800 1317 896 1370 eastra
908 1306 945 1367 ab
955 1305 1042 1383 Arpis

84 1386 257 1453 trumentum
273 1390 410 1461 veheret,
430 1389 580 1451 interdum
599 1406 724 1451 occursu
739 1387 868 1452 hostium
883 1394 1039 1468 cogeretur
1051 1393 1084 1444 10

3 1518 5 1521 -
85 1471 190 1537 abiecto
208 1492 334 1554 exequo
351 1474 499 1535 frumento
514 1491 657 1553 pugnare.
692 1473 820 1536 obsessis
836 1474 936 1553 prius,
952 1488 1041 1551 quarn

3 1560 5 1577 ³
85 1553 152 1618 alter
160 1558 263 1621 consul
275 1559 385 1619 victore
397 1556 529 1631 exercitu
538 1556 664 1627 advenit,
677 1562 896 1617 eteommeatus
908 1573 944 1616 ex
954 1571 1040 1615 mon·
1135 1604 1136 1607 ,

3 1640 5 1675 ³
86 1639 155 1703 tibus
168 1643 346 1705 Samnitium
360 1641 563 1702 investierunt
577 1638 723 1701 etauxilia
737 1640 916 1701 intromissa.
933 1639 1082 1698 artioratl

3 1776 4 1779 ,
85 1723 532 1796 omniaadreutusl'ubliliilecit,
545 1721 1041 1806 quiobsidiouedelegataiucuram
1135 1786 1136 1791 γ

3 1826 5 1829 ’
89 1806 208 1888 collegae
219 1828 313 1889 vagus
322 1827 377 1889 per
389 1826 477 1887 agros
492 1808 711 1871 eunctainlcsta
723 1807 933 1870 commeatibus
948 1806 1041 1868 hosti·

86 1892 259 1956 umlecerat:
276 1895 376 1972 itaque
395 1891 1084 1972 3333333333113333313113313331333333313-12
1135 1938 1136 1941 ,

3 2016 5 2021 ,
88 1975 570 2052 spiamlaturos,eoactiSamnites,
583 1974 1042 2056 quiadLuccriamcastrababe·

3 2114 5 2133 s
85 2053 294 2141 bautundique
306 2061 462 2120 contractis
473 2060 586 2122 31311333
595 2062 677 2138 signa
691 2079 758 2123 cum
765 2062 882 2141 Papirio
894 2059 1041 2120 conferre.
1135 2088 1136 2091 =

3 2182 5 2217 ς
138 2142 210 2207 xlv,
241 2146 302 2208 Per
321 2143 355 2204 id
380 2150 498 2222 tempus
522 2144 754 2225 parantibusque
779 2145 912 2222 utrisque
943 2159 976 2201 se
1006 2138 1069 2201 adt

3 2252 5 2299 5
85 2226 222 2302 proelium
244 2227 334 2307 legati
347 2226 500 2288 Tarentini
522 2229 722 2291 interveniunt
737 2228 946 2288 denuntiantes
958 2225 1041 2285 Sam·
1135 2266 1136 2269 ,

3 2328 5 2381 3
87 2308 187 2373 nebus
200 2312 417 2390 Romanisque,
434 2319 468 2373 ut
481 2310 592 2372 bellum
608 2313 793 2372 omitterent:
814 2327 869 2390 per
883 2316 967 2371 utros
980 2314 1040 2368 ste·
1066 2338 1068 2343 ,

89 2392 175 2465 beet,
193 2396 366 2476 quominus
381 2393 583 2456 dlacederetur
598 2394 635 2455 ab
653 2396 755 2465 armis,
779 2394 918 2459 aduersus
939 2409 991 2454 eos
1006 2410 1038 2452 se
1135 2414 1136 2417 ¹

87 2487 135 2552 pro
148 2477 249 2541 alteris
262 2484 455 2559 pugnaturos.
484 2495 519 2537 ea
538 2477 685 2555 legatione
699 2477 836 2556 Papirius
858 2476 957 2538 audita
973 2479 1071 2554 per-2
1135 2488 1136 2493 ¹

87 2557 149 2621 inde
174 2580 208 2625 ac
234 2568 333 2625 motus
358 2561 443 2622 dictis
469 2577 572 2620 eorum
597 2576 664 2620 cuna
687 2560 800 2637 collega
825 2577 857 2618 se
878 2559 1042 2619 eommuni-

86 2649 213 2708 caturum
234 2645 401 2725 respoudit,
423 2643 575 2722 accitoque
597 2659 646 2712 eo,
670 2660 737 2702 cum
756 2650 874 2721 tempus
900 2656 988 2701 omne
1011 2643 1043 2700 in
1135 2640 1136 2643 ’

88 2737 222 2805 apparatu
242 2746 359 2810 pugnae
389 2727 633 2806 consumpsisset,
657 2725 831 2787 conlocutus
852 2725 889 2786 de
910 2743 944 2785 33
963 2723 1042 2786 haud
1135 2778 1136 2781 ,

86 2806 183 2883 313313,
200 2816 319 2892 signum
333 2830 451 2892 pugnae
465 2812 627 2891 proposuit
656 2810 810 2890 agentibus
826 2809 924 2871 (113133
938 2809 1071 2871 huma-3
1135 2868 1136 2871 ,

90 2907 192 2973 noque,
215 2914 292 2978 quae
305 2896 453 2967 adsolent,
476 2914 543 2957 cum
562 2897 625 2958 acie
642 2894 841 2958 dimicandum
855 2902 914 2965 est,
936 2911 1042 2954 consu·

89 2970 159 3038 libus
180 2979 335 3042 Tarentini
355 2980 444 3058 legati
468 2996 625 3042 occursare
646 2996 822 3060 responsum
843 2976 1041 3057 expectantes,

89 3059 188 3135 quibus
207 3064 342 3143 Papirius
366 3064 419 3125 ait:
452 3066 608 3143 „auspicia
624 3064 753 3126 secunda
776 3081 857 3133 3333,
878 3060 1070 3128 Tarentinis

90 3141 224 3217 pullarius
235 3149 364 3219 nuuuat,
380 3147 494 3209 litatum
505 3155 659 3227 praeterea
671 3155 716 3208 est
726 3149 861 3225 egregie:
874 3140 1045 3203 auctoribus

91 3221 156 3296 diis,
174 3239 207 3293 ut
217 3231 337 3302 31313113,
356 3232 393 3293 ad
410 3249 474 3292 rem
494 3230 655 3308 gerendam
680 3230 928 3325 proficiscimur.“
961 3227 1072 3309 sigqqt
1135 3266 1136 3269 ,
