2290 3920
212 259 305 302 emes
316 261 380 305 ιω.
396 259 465 304 oar.
482 249 523 302 15.
540 239 818 323 lo.17,[a.0.218]
935 244 997 309 217

57 407 166 486 pronius
189 405 322 468 consules
339 407 464 478 luerint,
491 407 528 468 ad
548 425 621 485 qnos
638 415 667 467 et
681 409 828 487 principio
845 425 997 488 oppugna·

57 491 132 550 tionis
146 488 231 567 legati
247 490 402 568 Saguntini
415 492 497 552 missi
512 492 585 573 sint,
601 499 632 552 et
647 491 743 570 quiin
758 510 810 552 suo
825 493 997 569 magistratu

57 591 112 634 cum
125 572 299 644 Hannibale,
315 573 390 635 alter
400 573 437 635 ad
452 574 587 635 Ticinum
602 592 734 645 amnem,
750 573 837 635 ambo
850 573 997 654 aliquanto

56 658 155 735 posted
162 655 298 719 Trebiam
308 660 511 738 pugnaverint.
534 662 584 719 aut
594 660 693 719 omnia
704 657 840 719 breviora
852 657 1028 738 quuantoo

57 740 142 811 inere,
155 750 206 803 aut
218 743 381 820 Saguntum
398 743 545 821 principio
562 743 646 813 anni,
664 760 722 822 quo
736 741 769 803 P.
786 742 939 803 Cornelius
950 743 996 803 Ti.

57 823 234 904 Sempronius
245 824 382 886 consides
395 825 525 893 buerunt,
544 842 604 887 non
620 833 757 905 coeptum
768 827 934 905 oppugnari
945 833 997 896 est,

11 944 13 961 ι
57 908 98 967 sod
111 917 233 987 captum.
265 927 334 970 nam
350 909 510 969 excessisse
525 927 624 988 pugna
637 910 673 970 ad
688 909 826 970 Trebiam
842 911 874 970 in
889 915 1028 970 annumo

57 991 99 1052 Cn.
116 992 216 1053 Servili
238 1000 268 1055 et
285 993 316 1055 C.
329 992 456 1053 Flamini
476 1010 536 1054 non
555 1001 667 1072 potest,
694 995 761 1074 quia
782 994 813 1055 H
837 993 998 1053 Flaminius

58 1076 166 1137 lumini
178 1076 361 1137 consulatum
374 1077 448 1145 iniit,
464 1084 580 1137 creatus
592 1095 609 1137 a
621 1077 665 1137 li.
682 1078 857 1157 Sempronio
868 1075 997 1146 consule,

11 1202 13 1215 ,
58 1160 98 1236 qui
109 1170 171 1238 post
181 1177 311 1240 pugnam
322 1160 357 1220 ad
369 1159 507 1221 Trebiam
520 1161 556 1222 ad
572 1161 715 1222 creandos
730 1160 868 1222 consules
875 1161 1000 1223 Romam

59 1258 119 1385 ruffil
131 1246 269 1315 renmset,
295 1244 419 1305 comitiis
433 1244 572 1323 perlectis
595 1243 632 1304 ad
647 1247 808 1307 exercitum
824 1246 854 1305 in
873 1245 999 1306 hiberna

11 1342 13 1359 ³
58 1341 85 1385 rc
103 1327 138 1387 ”t

109 1409 175 1471 llll.
211 1410 272 1473 Sub
292 1409 371 1472 idem
389 1410 452 1470 lere
469 1417 586 1489 tempus
607 1418 637 1470 et
654 1410 757 1487 legati,
779 1412 829 1489 qui
848 1413 1024 1471 redierantt

59 1490 87 1551 ab
99 1493 284 1573 Cartbagine,
306 1494 431 1555 Romam
445 1491 610 1554 retulerunt
623 1494 722 1554 omnia
742 1492 858 1553 hostilia
874 1511 955 1564 esse,
970 1502 1000 1554 et

59 1574 165 1653 Sagunti
182 1578 329 1639 excidium
342 1578 508 1639 nuntiatum
524 1584 583 1647 est,
600 1583 757 1657 tantusque
772 1574 860 1637 simul
882 1587 1029 1636 maerorn

58 1669 142 1737 patras
155 1662 416 1741 misericordiaque
430 1662 579 1723 sociomm
593 1667 817 1741 peremptorum
831 1660 953 1739 indigne
971 1668 1002 1720 et

59 1743 141 1818 pudor
154 1763 215 1807 non
228 1745 283 1809 lati
303 1745 403 1806 auxilii
419 1752 448 1806 et
462 1747 507 1804 ira
519 1746 551 1804 in
571 1745 829 1822 Carthaginienses
846 1752 1001 1822 metusque

11 1828 12 1833 ’
59 1823 89 1885 de
99 1845 205 1890 mmma
218 1847 322 1891 rerum
336 1829 429 1908 cepit,
447 1827 524 1889 velut
534 1829 559 1888 si
573 1830 632 1890 iam
647 1829 794 1909 adportas
808 1828 901 1889 bostis
912 1835 999 1897 esset,

10 1980 11 1983 Ἴ
58 1915 85 1967 ut
97 1915 136 1971 tot
149 1931 207 1975 uno
222 1921 359 1990 tempore
372 1911 500 1973 motibus
516 1914 605 1974 animi
619 1911 729 1974 turbati
743 1911 927 1991 trepidarent
940 1931 1001 1974 ma·
1081 1990 1085 1999 ,

58 1992 95 2067 gis
107 2014 190 2074 mam
204 1995 410 2058 consulerent:
427 2014 494 2058 nam
510 2014 607 2078 neque
620 1998 736 2058 bostem
759 1998 904 2058 acriorem
918 1996 1030 2057 belli-a

9 2118 11 2123 s
58 2079 246 2160 oosioremque
262 2098 364 2140 secum
378 2096 584 2158 congressum,
609 2098 664 2142 nec
686 2097 750 2140 rem
763 2080 925 2141 Romanam
942 2088 1002 2140 tam
1082 2106 1087 2113 ·

9 2210 10 2213 ,
58 2157 173 2224 desidem
184 2182 326 2244 umquam
338 2164 428 2224 luisse
442 2171 529 2244 atque
539 2163 688 2225 inbellem.
716 2163 825 2225 Sardos
836 2164 1029 2240 Corsosquet
1072 2170 1076 2179 “

58 2249 84 2302 ot
95 2244 204 2309 Histros
219 2258 308 2327 atque
325 2246 439 2325 lllyrios
454 2246 606 2309 lacessisse
620 2249 715 2326 magis
732 2264 820 2325 quam
835 2246 1002 2307 exercuisse
1050 2275 1066 2309 κ

58 2323 175 2391 Romana
192 2351 288 2401 arma,
316 2326 345 2391 et
367 2348 435 2391 cum
455 2330 545 2391 Gallis
562 2330 770 2392 tumultuatum
795 2330 892 2390 verius
914 2346 1002 2408 quam
1031 2363 1048 2417 Ἴ

58 2404 267 2491 belligeratum:
285 2415 416 2474 Poenum
428 2415 543 2475 bostem
558 2420 745 2482 veteranum,
760 2414 849 2473 trium
861 2419 890 2473 et
900 2414 1031 2490 vigintio

59 2507 190 2559 annorum
205 2498 310 2560 militia
325 2498 480 2559 durissima
502 2498 581 2558 inter
594 2497 740 2576 Hispanas
763 2503 865 2574 gentes
885 2514 1002 2576 semper

59 2576 201 2652 victorem,
218 2583 287 2644 duci
302 2578 447 2642 acerrimo
462 2580 630 2649 adsuetum,
655 2586 808 2640 recentem
832 2579 868 2638 ab
890 2579 1002 2639 excidio

58 2661 284 2735 opulentissimae
296 2664 379 2726 urbis
392 2657 535 2724 Hiberum
551 2665 694 2732 transire;
712 2663 830 2724 trabere
846 2681 945 2723 secum
960 2670 1031 2724 tota

59 2746 157 2809 excitos
169 2749 368 2828 Hispanorum
388 2747 537 2828 populos;v
559 2749 744 2809 conciturum
766 2746 864 2808 aridas
885 2764 1004 2826 semper
1054 2762 1057 2771 “

59 2840 198 2893 armornm
213 2831 339 2894 Gallicas
354 2841 472 2911 gentes:
491 2850 557 2893 cum
575 2830 648 2893 orbe
667 2839 813 2895 terrarum
828 2830 938 2893 bellurn
953 2849 1003 2910 ge·

59 2912 173 2976 tendum
187 2918 219 2977 in
235 2915 317 2977 ltalia
332 2934 367 2976 ac
381 2933 437 2995 pro
452 2916 607 2978 moenibus
623 2915 763 2978 Romanis
779 2933 853 2976 esse.

111 2995 194 3060 llllll.
237 2999 411 3060 NomInatae
441 3001 500 3061 iam
527 3008 613 3062 antea
641 2998 811 3061 consulibus
835 3000 1029 3077 provinciael

59 3086 149 3149 lulli,
171 3090 233 3143 tum
257 3084 359 3146 sortiri
376 3084 458 3144 iussi.
492 3084 629 3146 Cornelio
646 3083 799 3161 Hispania,
829 3083 1005 3159 Sempronio

59 3154 147 3222 lirim
163 3183 231 3227 cum
250 3166 348 3228 Sicilia
370 3168 475 3227 evenit.
516 3186 568 3228 sex
591 3169 623 3226 in
645 3184 712 3226 eum
733 3183 842 3226 annum
869 3165 1033 3225 decretaet

61 3243 180 3317 eginum
211 3257 241 3310 et
268 3252 380 3311 socium
407 3257 548 3328 quantum
577 3251 650 3330 ipsis
676 3248 826 3331 videretur
850 3256 880 3309 et
907 3248 1007 3310 classis

61 3336 158 3399 quanta
171 3337 271 3410 parari
285 3343 394 3413 posset.
427 3342 563 3412 quattuor
579 3341 612 3394 et
627 3335 731 3411 viginti
751 3332 884 3413 peditum
898 3333 1004 3395 Roma·
1018 3339 1035 3392 3

60 3417 156 3471 uorum
171 3415 249 3478 milia
264 3419 373 3498 scripta
389 3424 417 3479 et
433 3417 513 3479 mille
529 3420 690 3498 octingenti
709 3418 837 3498 equites,
861 3420 1007 3480 sociorum

60 3492 240 3575 quadraginta
255 3501 336 3565 milia
346 3502 493 3582 peditum,
510 3511 649 3585 quattuor
664 3503 744 3566 milia
760 3509 790 3564 et
800 3503 1008 3584 quadringenti
