<?xml version="1.0" encoding="UTF-8"?>
<!DOCTYPE html PUBLIC "-//W3C//DTD XHTML 1.0 Transitional//EN"
    "http://www.w3.org/TR/xhtml1/DTD/xhtml1-transitional.dtd">
<html xmlns="http://www.w3.org/1999/xhtml" xml:lang="en" lang="en">
 <head>
  <title>
</title>
<meta http-equiv="Content-Type" content="text/html;charset=utf-8" />
  <meta name='ocr-system' content='tesseract 3.04.00' />
  <meta name='ocr-capabilities' content='ocr_page ocr_carea ocr_par ocr_line ocrx_word'/>
</head>
<body>
  <div class='ocr_page' id='page_1' title='image "./aburbeconditali11livygoog_0247.png"; bbox 0 0 2290 3920; ppageno 0'>
   <div class='ocr_carea' id='block_1_1' title="bbox 136 213 905 299">
    <p class='ocr_par' dir='ltr' id='par_1_1' title="bbox 136 213 905 299">
     <span class='ocr_line' id='line_1_1' title="bbox 136 213 905 299; baseline -0.013 -14"><span class='ocrx_word' id='word_1_1' title='bbox 136 221 198 286; x_wconf 81' lang='lat'><strong>238</strong></span> <span class='ocrx_word' id='word_1_2' title='bbox 368 234 463 277; x_wconf 78' lang='lat' dir='ltr'><strong>omns</strong></span> <span class='ocrx_word' id='word_1_3' title='bbox 477 235 541 277; x_wconf 75' lang='grc' dir='ltr'><strong>ω.</strong></span> <span class='ocrx_word' id='word_1_4' title='bbox 558 234 627 277; x_wconf 77' lang='lat' dir='ltr'><strong>oar.</strong></span> <span class='ocrx_word' id='word_1_5' title='bbox 642 223 687 276; x_wconf 82' lang='lat'><strong>41.</strong></span> <span class='ocrx_word' id='word_1_6' title='bbox 703 213 745 297; x_wconf 68' lang='lat' dir='ltr'><strong>[a</strong></span> <span class='ocrx_word' id='word_1_7' title='bbox 758 239 787 279; x_wconf 89' lang='lat' dir='ltr'><strong>u.</strong></span> <span class='ocrx_word' id='word_1_8' title='bbox 803 239 829 279; x_wconf 90' lang='lat' dir='ltr'><strong>c.</strong></span> <span class='ocrx_word' id='word_1_9' title='bbox 845 214 905 299; x_wconf 77' lang='lat'>536]</span> 
     </span>
    </p>
   </div>
   <div class='ocr_carea' id='block_1_2' title="bbox 60 382 1079 3313">
    <p class='ocr_par' dir='ltr' id='par_1_2' title="bbox 116 382 1079 966">
     <span class='ocr_line' id='line_1_2' title="bbox 134 382 1077 463; baseline 0.002 -18"><span class='ocrx_word' id='word_1_10' title='bbox 134 385 193 445; x_wconf 89' lang='lat' dir='ltr'><strong>iam</strong></span> <span class='ocrx_word' id='word_1_11' title='bbox 213 382 364 463; x_wconf 84' lang='lat' dir='ltr'><strong>proiectus</strong></span> <span class='ocrx_word' id='word_1_12' title='bbox 385 400 480 451; x_wconf 85' lang='lat' dir='ltr'><strong>eram,</strong></span> <span class='ocrx_word' id='word_1_13' title='bbox 502 400 569 444; x_wconf 88' lang='lat' dir='ltr'><strong>cnm</strong></span> <span class='ocrx_word' id='word_1_14' title='bbox 595 385 726 446; x_wconf 85' lang='lat' dir='ltr'><strong>exercitu</strong></span> <span class='ocrx_word' id='word_1_15' title='bbox 750 386 795 446; x_wconf 87' lang='lat' dir='ltr'><strong>ire</strong></span> <span class='ocrx_word' id='word_1_16' title='bbox 810 396 885 453; x_wconf 90' lang='lat' dir='ltr'><strong>meo,</strong></span> <span class='ocrx_word' id='word_1_17' title='bbox 907 383 957 445; x_wconf 92' lang='lat' dir='ltr'><strong>ubi</strong></span> <span class='ocrx_word' id='word_1_18' title='bbox 976 393 1004 446; x_wconf 87' lang='lat' dir='ltr'><strong>et</strong></span> <span class='ocrx_word' id='word_1_19' title='bbox 1025 383 1077 447; x_wconf 86' lang='lat' dir='ltr'><strong>lra-</strong></span> 
     </span>
     <span class='ocr_line' id='line_1_3' title="bbox 134 465 1076 547; baseline 0 -19"><span class='ocrx_word' id='word_1_20' title='bbox 134 475 211 528; x_wconf 76' lang='lat' dir='ltr'><strong>hem</strong></span> <span class='ocrx_word' id='word_1_21' title='bbox 245 465 359 528; x_wconf 89' lang='lat' dir='ltr'><strong>consilii</strong></span> <span class='ocrx_word' id='word_1_22' title='bbox 382 467 556 545; x_wconf 76' lang='lat' dir='ltr'><strong>participem</strong></span> <span class='ocrx_word' id='word_1_23' title='bbox 587 484 621 527; x_wconf 88' lang='lat' dir='ltr'><strong>ac</strong></span> <span class='ocrx_word' id='word_1_24' title='bbox 654 467 780 547; x_wconf 88' lang='lat' dir='ltr'><strong>periculi</strong></span> <span class='ocrx_word' id='word_1_25' title='bbox 804 469 916 529; x_wconf 88' lang='lat' dir='ltr'><strong>socium</strong></span> <span class='ocrx_word' id='word_1_26' title='bbox 940 468 1076 540; x_wconf 86' lang='lat' dir='ltr'><strong>haberem,</strong></span> 
     </span>
     <span class='ocr_line' id='line_1_4' title="bbox 135 546 1079 630; baseline 0.002 -19"><span class='ocrx_word' id='word_1_27' title='bbox 135 558 165 613; x_wconf 91' lang='lat' dir='ltr'><strong>et</strong></span> <span class='ocrx_word' id='word_1_28' title='bbox 193 546 407 613; x_wconf 78' lang='lat' dir='ltr'><strong>Hasdrubalem</strong></span> <span class='ocrx_word' id='word_1_29' title='bbox 432 551 530 629; x_wconf 91' lang='lat' dir='ltr'><strong>potius</strong></span> <span class='ocrx_word' id='word_1_30' title='bbox 561 568 648 630; x_wconf 67' lang='lat' dir='ltr'><strong>mam</strong></span> <span class='ocrx_word' id='word_1_31' title='bbox 685 550 879 613; x_wconf 87' lang='lat' dir='ltr'><strong>Hannibalem</strong></span> <span class='ocrx_word' id='word_1_32' title='bbox 917 553 1034 623; x_wconf 88' lang='lat' dir='ltr'><strong>hostem,</strong></span> <span class='ocrx_word' id='word_1_33' title='bbox 1053 560 1079 613; x_wconf 88' lang='lat' dir='ltr'><strong>et</strong></span> 
     </span>
     <span class='ocr_line' id='line_1_5' title="bbox 134 632 1077 715; baseline 0 -20"><span class='ocrx_word' id='word_1_34' title='bbox 134 635 280 695; x_wconf 83' lang='lat' dir='ltr'><strong>minorem</strong></span> <span class='ocrx_word' id='word_1_35' title='bbox 296 634 373 696; x_wconf 91' lang='lat' dir='ltr'><strong>haud</strong></span> <span class='ocrx_word' id='word_1_36' title='bbox 391 632 481 694; x_wconf 91' lang='lat' dir='ltr'><strong>dubie</strong></span> <span class='ocrx_word' id='word_1_37' title='bbox 502 632 611 695; x_wconf 92' lang='lat' dir='ltr'><strong>molem</strong></span> <span class='ocrx_word' id='word_1_38' title='bbox 631 633 717 696; x_wconf 71' lang='lat' dir='ltr'><strong>bellis</strong></span> <span class='ocrx_word' id='word_1_39' title='bbox 737 641 852 705; x_wconf 87' lang='lat' dir='ltr'><strong>tamen,</strong></span> <span class='ocrx_word' id='word_1_40' title='bbox 877 654 943 697; x_wconf 89' lang='lat' dir='ltr'><strong>oum</strong></span> <span class='ocrx_word' id='word_1_41' title='bbox 961 643 1077 715; x_wconf 87' lang='lat' dir='ltr'><strong>praeter·</strong></span> 
     </span>
     <span class='ocr_line' id='line_1_6' title="bbox 116 717 1077 789; baseline 0 -10"><span class='ocrx_word' id='word_1_42' title='bbox 116 719 259 781; x_wconf 57' lang='lat' dir='ltr'><strong>‘veherer</strong></span> <span class='ocrx_word' id='word_1_43' title='bbox 278 717 400 779; x_wconf 80' lang='lat' dir='ltr'><strong>navibus</strong></span> <span class='ocrx_word' id='word_1_44' title='bbox 417 717 527 779; x_wconf 87' lang='lat' dir='ltr'><strong>Galliae</strong></span> <span class='ocrx_word' id='word_1_45' title='bbox 546 735 644 789; x_wconf 91' lang='lat' dir='ltr'><strong>oram,</strong></span> <span class='ocrx_word' id='word_1_46' title='bbox 668 718 704 780; x_wconf 89' lang='lat' dir='ltr'><strong>ad</strong></span> <span class='ocrx_word' id='word_1_47' title='bbox 725 718 833 780; x_wconf 84' lang='lat' dir='ltr'><strong>lamam</strong></span> <span class='ocrx_word' id='word_1_48' title='bbox 850 719 938 781; x_wconf 88' lang='lat' dir='ltr'><strong>huius</strong></span> <span class='ocrx_word' id='word_1_49' title='bbox 947 720 1077 781; x_wconf 87' lang='lat' dir='ltr'><strong>hostisin</strong></span> 
     </span>
     <span class='ocr_line' id='line_1_7' title="bbox 139 802 1078 881; baseline -0.001 -17"><span class='ocrx_word' id='word_1_50' title='bbox 139 811 250 864; x_wconf 91' lang='lat' dir='ltr'><strong>terram</strong></span> <span class='ocrx_word' id='word_1_51' title='bbox 272 819 408 880; x_wconf 87' lang='lat' dir='ltr'><strong>egressus</strong></span> <span class='ocrx_word' id='word_1_52' title='bbox 427 803 590 881; x_wconf 86' lang='lat' dir='ltr'><strong>praemisso</strong></span> <span class='ocrx_word' id='word_1_53' title='bbox 609 804 739 881; x_wconf 87' lang='lat' dir='ltr'><strong>equitatu</strong></span> <span class='ocrx_word' id='word_1_54' title='bbox 761 802 800 863; x_wconf 91' lang='lat' dir='ltr'><strong>ad</strong></span> <span class='ocrx_word' id='word_1_55' title='bbox 821 802 995 866; x_wconf 81' lang='lat' dir='ltr'><strong>Rhodanum</strong></span> <span class='ocrx_word' id='word_1_56' title='bbox 1013 804 1078 864; x_wconf 81' lang='lat' dir='ltr'><strong>mori</strong></span> 
     </span>
     <span class='ocr_line' id='line_1_8' title="bbox 137 884 1078 966; baseline -0.004 -18"><span class='ocrx_word' id='word_1_57' title='bbox 137 893 241 948; x_wconf 89' lang='lat' dir='ltr'><strong>castra.</strong></span> <span class='ocrx_word' id='word_1_58' title='bbox 272 886 403 966; x_wconf 80' lang='lat' dir='ltr'><strong>equestri</strong></span> <span class='ocrx_word' id='word_1_59' title='bbox 419 884 548 963; x_wconf 91' lang='lat' dir='ltr'><strong>proelio,</strong></span> <span class='ocrx_word' id='word_1_60' title='bbox 571 905 628 965; x_wconf 93' lang='lat' dir='ltr'><strong>qua</strong></span> <span class='ocrx_word' id='word_1_61' title='bbox 647 892 731 965; x_wconf 88' lang='lat' dir='ltr'><strong>parte</strong></span> <span class='ocrx_word' id='word_1_62' title='bbox 752 888 906 966; x_wconf 86' lang='lat' dir='ltr'><strong>copiarum</strong></span> <span class='ocrx_word' id='word_1_63' title='bbox 920 885 1078 949; x_wconf 80' lang='lat' dir='ltr'><strong>oomueod</strong></span> 
     </span>
    </p>

    <p class='ocr_par' dir='ltr' id='par_1_3' title="bbox 102 969 1077 1385">
     <span class='ocr_line' id='line_1_9' title="bbox 102 969 1076 1049; baseline -0.002 -18"><span class='ocrx_word' id='word_1_64' title='bbox 102 1012 113 1047; x_wconf 39' lang='lat'><strong>,1</strong></span> <span class='ocrx_word' id='word_1_65' title='bbox 128 970 254 1031; x_wconf 74' lang='lat' dir='ltr'><strong>&#39;manum</strong></span> <span class='ocrx_word' id='word_1_66' title='bbox 274 969 393 1030; x_wconf 78' lang='lat' dir='ltr'><strong>tortura</strong></span> <span class='ocrx_word' id='word_1_67' title='bbox 414 969 481 1030; x_wconf 92' lang='lat' dir='ltr'><strong>data</strong></span> <span class='ocrx_word' id='word_1_68' title='bbox 501 975 561 1039; x_wconf 88' lang='lat' dir='ltr'><strong>est,</strong></span> <span class='ocrx_word' id='word_1_69' title='bbox 585 970 701 1032; x_wconf 84' lang='lat' dir='ltr'><strong>hostem</strong></span> <span class='ocrx_word' id='word_1_70' title='bbox 723 970 802 1039; x_wconf 88' lang='lat' dir='ltr'><strong>ludi;</strong></span> <span class='ocrx_word' id='word_1_71' title='bbox 824 970 958 1049; x_wconf 90' lang='lat' dir='ltr'><strong>peditum</strong></span> <span class='ocrx_word' id='word_1_72' title='bbox 977 987 1076 1048; x_wconf 86' lang='lat' dir='ltr'><strong>agmen,</strong></span> 
     </span>
     <span class='ocr_line' id='line_1_10' title="bbox 133 1052 1077 1136; baseline 0 -22"><span class='ocrx_word' id='word_1_73' title='bbox 133 1053 212 1134; x_wconf 92' lang='lat' dir='ltr'><strong>quod</strong></span> <span class='ocrx_word' id='word_1_74' title='bbox 226 1055 258 1113; x_wconf 93' lang='lat' dir='ltr'><strong>in</strong></span> <span class='ocrx_word' id='word_1_75' title='bbox 273 1052 393 1114; x_wconf 89' lang='lat' dir='ltr'><strong>modum</strong></span> <span class='ocrx_word' id='word_1_76' title='bbox 410 1053 585 1130; x_wconf 79' lang='lat' dir='ltr'><strong>fugientium</strong></span> <span class='ocrx_word' id='word_1_77' title='bbox 597 1055 704 1134; x_wconf 89' lang='lat' dir='ltr'><strong>raptim</strong></span> <span class='ocrx_word' id='word_1_78' title='bbox 717 1052 875 1133; x_wconf 83' lang='lat' dir='ltr'><strong>agebatur,</strong></span> <span class='ocrx_word' id='word_1_79' title='bbox 892 1057 959 1136; x_wconf 80' lang='lat' dir='ltr'><strong>qtda</strong></span> <span class='ocrx_word' id='word_1_80' title='bbox 974 1054 1077 1133; x_wconf 81' lang='lat' dir='ltr'><strong>adsequi</strong></span> 
     </span>
     <span class='ocr_line' id='line_1_11' title="bbox 117 1137 1076 1216; baseline 0.001 -19"><span class='ocrx_word' id='word_1_81' title='bbox 117 1145 214 1197; x_wconf 89' lang='lat' dir='ltr'><strong>terra</strong></span> <span class='ocrx_word' id='word_1_82' title='bbox 240 1153 300 1197; x_wconf 90' lang='lat' dir='ltr'><strong>nou</strong></span> <span class='ocrx_word' id='word_1_83' title='bbox 325 1142 474 1214; x_wconf 89' lang='lat' dir='ltr'><strong>poteram,</strong></span> <span class='ocrx_word' id='word_1_84' title='bbox 502 1154 599 1216; x_wconf 90' lang='lat' dir='ltr'><strong>neque</strong></span> <span class='ocrx_word' id='word_1_85' title='bbox 619 1137 654 1175; x_wconf 70' lang='lat'><strong>⁴¹*</strong></span> <span class='ocrx_word' id='word_1_86' title='bbox 675 1154 830 1216; x_wconf 78' lang='lat' dir='ltr'><strong>regressus</strong></span> <span class='ocrx_word' id='word_1_87' title='bbox 850 1139 888 1200; x_wconf 89' lang='lat' dir='ltr'><strong>ad</strong></span> <span class='ocrx_word' id='word_1_88' title='bbox 914 1141 993 1201; x_wconf 90' lang='lat' dir='ltr'><strong>navis</strong></span> <span class='ocrx_word' id='word_1_89' title='bbox 1018 1143 1076 1205; x_wconf 84' lang='lat' dir='ltr'><strong>erat</strong></span> 
     </span>
     <span class='ocr_line' id='line_1_12' title="bbox 133 1219 1077 1299; baseline -0.001 -18"><span class='ocrx_word' id='word_1_90' title='bbox 133 1226 241 1299; x_wconf 90' lang='lat' dir='ltr'><strong>quanta</strong></span> <span class='ocrx_word' id='word_1_91' title='bbox 262 1220 390 1280; x_wconf 68' lang='lat' dir='ltr'><strong>mammo</strong></span> <span class='ocrx_word' id='word_1_92' title='bbox 411 1221 493 1298; x_wconf 91' lang='lat' dir='ltr'><strong>potui</strong></span> <span class='ocrx_word' id='word_1_93' title='bbox 515 1219 759 1299; x_wconf 89' lang='lat' dir='ltr'><strong>celeritatetanto</strong></span> <span class='ocrx_word' id='word_1_94' title='bbox 780 1222 872 1286; x_wconf 90' lang='lat' dir='ltr'><strong>maris</strong></span> <span class='ocrx_word' id='word_1_95' title='bbox 886 1229 1077 1299; x_wconf 82' lang='lat' dir='ltr'><strong>terrarumque</strong></span> 
     </span>
     <span class='ocr_line' id='line_1_13' title="bbox 133 1303 1075 1385; baseline 0 -21"><span class='ocrx_word' id='word_1_96' title='bbox 133 1305 259 1364; x_wconf 90' lang='lat' dir='ltr'><strong>circuitu</strong></span> <span class='ocrx_word' id='word_1_97' title='bbox 275 1305 308 1364; x_wconf 91' lang='lat' dir='ltr'><strong>in</strong></span> <span class='ocrx_word' id='word_1_98' title='bbox 318 1303 468 1365; x_wconf 79' lang='lat' dir='ltr'><strong>radicibus</strong></span> <span class='ocrx_word' id='word_1_99' title='bbox 480 1321 574 1384; x_wconf 88' lang='lat' dir='ltr'><strong>prope</strong></span> <span class='ocrx_word' id='word_1_100' title='bbox 589 1304 705 1385; x_wconf 76' lang='lat' dir='ltr'><strong>Alpium</strong></span> <span class='ocrx_word' id='word_1_101' title='bbox 721 1306 790 1367; x_wconf 91' lang='lat' dir='ltr'><strong>huic</strong></span> <span class='ocrx_word' id='word_1_102' title='bbox 799 1307 935 1368; x_wconf 90' lang='lat' dir='ltr'><strong>timendo</strong></span> <span class='ocrx_word' id='word_1_103' title='bbox 949 1307 1023 1369; x_wconf 87' lang='lat' dir='ltr'><strong>hosti</strong></span> <span class='ocrx_word' id='word_1_104' title='bbox 1034 1303 1075 1365; x_wconf 89' lang='lat' dir='ltr'><strong>ob·</strong></span> 
     </span>
    </p>

    <p class='ocr_par' dir='ltr' id='par_1_4' title="bbox 63 1386 1076 1551">
     <span class='ocr_line' id='line_1_14' title="bbox 63 1386 1076 1470; baseline 0.003 -25"><span class='ocrx_word' id='word_1_105' title='bbox 63 1418 66 1424; x_wconf 75' lang='lat'><strong>,</strong></span> <span class='ocrx_word' id='word_1_106' title='bbox 104 1389 195 1448; x_wconf 80' lang='lat' dir='ltr'><strong>onius</strong></span> <span class='ocrx_word' id='word_1_107' title='bbox 210 1386 261 1449; x_wconf 84' lang='lat' dir='ltr'><strong>iui.</strong></span> <span class='ocrx_word' id='word_1_108' title='bbox 292 1394 407 1457; x_wconf 88' lang='lat' dir='ltr'><strong>utrum,</strong></span> <span class='ocrx_word' id='word_1_109' title='bbox 423 1406 490 1449; x_wconf 91' lang='lat' dir='ltr'><strong>cum</strong></span> <span class='ocrx_word' id='word_1_110' title='bbox 508 1386 687 1450; x_wconf 86' lang='lat' dir='ltr'><strong>declinarem</strong></span> <span class='ocrx_word' id='word_1_111' title='bbox 703 1395 855 1451; x_wconf 87' lang='lat' dir='ltr'><strong>certamen</strong></span> <span class='ocrx_word' id='word_1_112' title='bbox 869 1391 1030 1470; x_wconf 78' lang='lat' dir='ltr'><strong>inprovisus</strong></span> <span class='ocrx_word' id='word_1_113' title='bbox 1041 1391 1076 1448; x_wconf 89' lang='lat' dir='ltr'><strong>in·</strong></span> 
     </span>
     <span class='ocr_line' id='line_1_15' title="bbox 134 1471 1076 1551; baseline -0.001 -18"><span class='ocrx_word' id='word_1_114' title='bbox 134 1471 240 1534; x_wconf 87' lang='lat' dir='ltr'><strong>cidisse</strong></span> <span class='ocrx_word' id='word_1_115' title='bbox 250 1471 369 1542; x_wconf 89' lang='lat' dir='ltr'><strong>videor,</strong></span> <span class='ocrx_word' id='word_1_116' title='bbox 385 1490 423 1533; x_wconf 89' lang='lat' dir='ltr'><strong>an</strong></span> <span class='ocrx_word' id='word_1_117' title='bbox 439 1490 597 1533; x_wconf 89' lang='lat' dir='ltr'><strong>occurrere</strong></span> <span class='ocrx_word' id='word_1_118' title='bbox 607 1474 639 1533; x_wconf 93' lang='lat' dir='ltr'><strong>in</strong></span> <span class='ocrx_word' id='word_1_119' title='bbox 653 1474 783 1551; x_wconf 82' lang='lat' dir='ltr'><strong>vestigiis</strong></span> <span class='ocrx_word' id='word_1_120' title='bbox 800 1475 880 1544; x_wconf 91' lang='lat' dir='ltr'><strong>eius,</strong></span> <span class='ocrx_word' id='word_1_121' title='bbox 901 1474 1076 1537; x_wconf 78' lang='lat' dir='ltr'><strong>lacesserem</strong></span> 
     </span>
    </p>

    <p class='ocr_par' dir='ltr' id='par_1_5' title="bbox 94 1555 1075 2475">
     <span class='ocr_line' id='line_1_16' title="bbox 98 1555 1075 1636; baseline -0.003 -19"><span class='ocrx_word' id='word_1_122' title='bbox 98 1563 121 1617; x_wconf 78' lang='grc' dir='ltr'><strong>-θ</strong></span> <span class='ocrx_word' id='word_1_123' title='bbox 132 1557 253 1617; x_wconf 88' lang='lat' dir='ltr'><strong>trahere</strong></span> <span class='ocrx_word' id='word_1_124' title='bbox 274 1556 311 1617; x_wconf 91' lang='lat' dir='ltr'><strong>ad</strong></span> <span class='ocrx_word' id='word_1_125' title='bbox 326 1555 565 1618; x_wconf 77' lang='lat' dir='ltr'><strong>decernendum?</strong></span> <span class='ocrx_word' id='word_1_126' title='bbox 593 1558 723 1636; x_wconf 82' lang='lat' dir='ltr'><strong>experiri</strong></span> <span class='ocrx_word' id='word_1_127' title='bbox 735 1558 827 1628; x_wconf 82' lang='lat' dir='ltr'><strong>iuvat,</strong></span> <span class='ocrx_word' id='word_1_128' title='bbox 844 1565 946 1620; x_wconf 90' lang='lat' dir='ltr'><strong>utrum</strong></span> <span class='ocrx_word' id='word_1_129' title='bbox 960 1557 1027 1620; x_wconf 89' lang='lat' dir='ltr'><strong>alios</strong></span> <span class='ocrx_word' id='word_1_130' title='bbox 1039 1573 1075 1615; x_wconf 82' lang='lat' dir='ltr'><strong>re·</strong></span> 
     </span>
     <span class='ocr_line' id='line_1_17' title="bbox 132 1640 1075 1720; baseline -0.004 -19"><span class='ocrx_word' id='word_1_131' title='bbox 132 1648 221 1720; x_wconf 90' lang='lat' dir='ltr'><strong>pente</strong></span> <span class='ocrx_word' id='word_1_132' title='bbox 236 1640 483 1717; x_wconf 81' lang='lat' dir='ltr'><strong>Carthaginenses</strong></span> <span class='ocrx_word' id='word_1_133' title='bbox 502 1658 557 1719; x_wconf 88' lang='lat' dir='ltr'><strong>per</strong></span> <span class='ocrx_word' id='word_1_134' title='bbox 578 1642 680 1719; x_wconf 82' lang='lat' dir='ltr'><strong>viginti</strong></span> <span class='ocrx_word' id='word_1_135' title='bbox 694 1658 788 1702; x_wconf 90' lang='lat' dir='ltr'><strong>annos</strong></span> <span class='ocrx_word' id='word_1_136' title='bbox 804 1652 886 1703; x_wconf 87' lang='lat' dir='ltr'><strong>terra</strong></span> <span class='ocrx_word' id='word_1_137' title='bbox 903 1642 1034 1710; x_wconf 90' lang='lat' dir='ltr'><strong>ediderit,</strong></span> <span class='ocrx_word' id='word_1_138' title='bbox 1048 1654 1075 1699; x_wconf 88' lang='lat' dir='ltr'><strong>ar</strong></span> 
     </span>
     <span class='ocr_line' id='line_1_18' title="bbox 132 1719 1074 1805; baseline -0.004 -21"><span class='ocrx_word' id='word_1_139' title='bbox 132 1725 210 1785; x_wconf 91' lang='lat' dir='ltr'><strong>idem</strong></span> <span class='ocrx_word' id='word_1_140' title='bbox 227 1726 300 1792; x_wconf 91' lang='lat' dir='ltr'><strong>sint,</strong></span> <span class='ocrx_word' id='word_1_141' title='bbox 318 1725 369 1802; x_wconf 92' lang='lat' dir='ltr'><strong>qui</strong></span> <span class='ocrx_word' id='word_1_142' title='bbox 380 1723 418 1784; x_wconf 91' lang='lat' dir='ltr'><strong>ad</strong></span> <span class='ocrx_word' id='word_1_143' title='bbox 434 1724 551 1802; x_wconf 80' lang='lat' dir='ltr'><strong>degatis</strong></span> <span class='ocrx_word' id='word_1_144' title='bbox 562 1732 766 1803; x_wconf 86' lang='lat' dir='ltr'><strong>pugnaverunt</strong></span> <span class='ocrx_word' id='word_1_145' title='bbox 781 1724 909 1798; x_wconf 85' lang='lat' dir='ltr'><strong>insulas,</strong></span> <span class='ocrx_word' id='word_1_146' title='bbox 929 1734 958 1787; x_wconf 92' lang='lat' dir='ltr'><strong>et</strong></span> <span class='ocrx_word' id='word_1_147' title='bbox 974 1719 1074 1805; x_wconf 87' lang='lat' dir='ltr'><strong>quosab</strong></span> 
     </span>
     <span class='ocr_line' id='line_1_19' title="bbox 104 1805 1074 1885; baseline 0.002 -19"><span class='ocrx_word' id='word_1_148' title='bbox 104 1808 225 1885; x_wconf 78' lang='lat' dir='ltr'><strong>tEryce</strong></span> <span class='ocrx_word' id='word_1_149' title='bbox 236 1805 445 1869; x_wconf 82' lang='lat' dir='ltr'><strong>duodevicenis</strong></span> <span class='ocrx_word' id='word_1_150' title='bbox 457 1807 586 1869; x_wconf 75' lang='lat' dir='ltr'><strong>deumiis</strong></span> <span class='ocrx_word' id='word_1_151' title='bbox 598 1809 765 1871; x_wconf 91' lang='lat' dir='ltr'><strong>aestimatos</strong></span> <span class='ocrx_word' id='word_1_152' title='bbox 776 1811 931 1881; x_wconf 88' lang='lat' dir='ltr'><strong>emisistis,</strong></span> <span class='ocrx_word' id='word_1_153' title='bbox 949 1817 979 1871; x_wconf 90' lang='lat' dir='ltr'><strong>et</strong></span> <span class='ocrx_word' id='word_1_154' title='bbox 995 1815 1074 1868; x_wconf 85' lang='lat' dir='ltr'><strong>onon</strong></span> 
     </span>
     <span class='ocr_line' id='line_1_20' title="bbox 133 1888 1072 1973; baseline 0.005 -21"><span class='ocrx_word' id='word_1_155' title='bbox 133 1888 279 1952; x_wconf 88' lang='lat' dir='ltr'><strong>Hannibal</strong></span> <span class='ocrx_word' id='word_1_156' title='bbox 294 1891 343 1952; x_wconf 92' lang='lat' dir='ltr'><strong>hic</strong></span> <span class='ocrx_word' id='word_1_157' title='bbox 358 1892 396 1951; x_wconf 91' lang='lat' dir='ltr'><strong>sit</strong></span> <span class='ocrx_word' id='word_1_158' title='bbox 413 1891 546 1953; x_wconf 89' lang='lat' dir='ltr'><strong>aemulus</strong></span> <span class='ocrx_word' id='word_1_159' title='bbox 566 1893 706 1955; x_wconf 89' lang='lat' dir='ltr'><strong>itinerum</strong></span> <span class='ocrx_word' id='word_1_160' title='bbox 722 1891 874 1965; x_wconf 85' lang='lat' dir='ltr'><strong>Herculis,</strong></span> <span class='ocrx_word' id='word_1_161' title='bbox 898 1901 931 1955; x_wconf 87' lang='lat' dir='ltr'><strong>nt</strong></span> <span class='ocrx_word' id='word_1_162' title='bbox 946 1895 1007 1973; x_wconf 92' lang='lat' dir='ltr'><strong>ipse</strong></span> <span class='ocrx_word' id='word_1_163' title='bbox 1021 1889 1072 1957; x_wconf 80' lang='lat' dir='ltr'><strong>tet</strong></span> 
     </span>
     <span class='ocr_line' id='line_1_21' title="bbox 133 1973 1073 2056; baseline -0.003 -22"><span class='ocrx_word' id='word_1_164' title='bbox 133 1991 170 2034; x_wconf 88' lang='lat' dir='ltr'><strong>an</strong></span> <span class='ocrx_word' id='word_1_165' title='bbox 184 1973 334 2055; x_wconf 84' lang='lat' dir='ltr'><strong>vectigalis</strong></span> <span class='ocrx_word' id='word_1_166' title='bbox 354 1975 620 2054; x_wconf 86' lang='lat' dir='ltr'><strong>stipendiariusque</strong></span> <span class='ocrx_word' id='word_1_167' title='bbox 642 1983 671 2037; x_wconf 92' lang='lat' dir='ltr'><strong>et</strong></span> <span class='ocrx_word' id='word_1_168' title='bbox 691 1995 793 2038; x_wconf 83' lang='lat' dir='ltr'><strong>servus</strong></span> <span class='ocrx_word' id='word_1_169' title='bbox 812 1976 919 2056; x_wconf 90' lang='lat' dir='ltr'><strong>populi</strong></span> <span class='ocrx_word' id='word_1_170' title='bbox 937 1973 1073 2039; x_wconf 85' lang='lat' dir='ltr'><strong>Romania</strong></span> 
     </span>
     <span class='ocr_line' id='line_1_22' title="bbox 110 2057 1075 2140; baseline -0.003 -22"><span class='ocrx_word' id='word_1_171' title='bbox 110 2064 216 2136; x_wconf 74' lang='lat' dir='ltr'><strong>:patre</strong></span> <span class='ocrx_word' id='word_1_172' title='bbox 231 2057 365 2119; x_wconf 86' lang='lat' dir='ltr'><strong>relictus:</strong></span> <span class='ocrx_word' id='word_1_173' title='bbox 382 2077 470 2138; x_wconf 91' lang='lat' dir='ltr'><strong>quem</strong></span> <span class='ocrx_word' id='word_1_174' title='bbox 489 2061 546 2120; x_wconf 90' lang='lat' dir='ltr'><strong>nisi</strong></span> <span class='ocrx_word' id='word_1_175' title='bbox 561 2060 756 2138; x_wconf 85' lang='lat' dir='ltr'><strong>Saguntinum</strong></span> <span class='ocrx_word' id='word_1_176' title='bbox 773 2059 870 2122; x_wconf 85' lang='lat' dir='ltr'><strong>scelus</strong></span> <span class='ocrx_word' id='word_1_177' title='bbox 886 2063 1022 2140; x_wconf 87' lang='lat' dir='ltr'><strong>agitaret,</strong></span> <span class='ocrx_word' id='word_1_178' title='bbox 1040 2072 1075 2117; x_wconf 88' lang='lat' dir='ltr'><strong>rc·</strong></span> 
     </span>
     <span class='ocr_line' id='line_1_23' title="bbox 99 2141 1075 2222; baseline 0.001 -22"><span class='ocrx_word' id='word_1_179' title='bbox 99 2169 109 2194; x_wconf 67' lang='lat' dir='ltr'><strong>a</strong></span> <span class='ocrx_word' id='word_1_180' title='bbox 132 2143 261 2221; x_wconf 90' lang='lat' dir='ltr'><strong>spioeret</strong></span> <span class='ocrx_word' id='word_1_181' title='bbox 283 2141 433 2221; x_wconf 88' lang='lat' dir='ltr'><strong>prolecto,</strong></span> <span class='ocrx_word' id='word_1_182' title='bbox 454 2145 480 2202; x_wconf 91' lang='lat' dir='ltr'><strong>si</strong></span> <span class='ocrx_word' id='word_1_183' title='bbox 501 2161 561 2205; x_wconf 90' lang='lat' dir='ltr'><strong>ooo</strong></span> <span class='ocrx_word' id='word_1_184' title='bbox 579 2145 705 2222; x_wconf 91' lang='lat' dir='ltr'><strong>patriam</strong></span> <span class='ocrx_word' id='word_1_185' title='bbox 727 2146 847 2215; x_wconf 80' lang='lat' dir='ltr'><strong>victam,</strong></span> <span class='ocrx_word' id='word_1_186' title='bbox 869 2145 991 2207; x_wconf 91' lang='lat' dir='ltr'><strong>domum</strong></span> <span class='ocrx_word' id='word_1_187' title='bbox 1011 2145 1075 2202; x_wconf 77' lang='lat' dir='ltr'><strong>certe</strong></span> 
     </span>
     <span class='ocr_line' id='line_1_24' title="bbox 106 2225 1075 2309; baseline 0.003 -23"><span class='ocrx_word' id='word_1_188' title='bbox 106 2240 115 2286; x_wconf 68' lang='lat' dir='ltr'><strong>c</strong></span> <span class='ocrx_word' id='word_1_189' title='bbox 130 2233 306 2306; x_wconf 87' lang='lat' dir='ltr'><strong>patremque</strong></span> <span class='ocrx_word' id='word_1_190' title='bbox 321 2233 351 2287; x_wconf 90' lang='lat' dir='ltr'><strong>et</strong></span> <span class='ocrx_word' id='word_1_191' title='bbox 365 2226 485 2288; x_wconf 77' lang='lat' dir='ltr'><strong>foedera</strong></span> <span class='ocrx_word' id='word_1_192' title='bbox 501 2225 675 2288; x_wconf 84' lang='lat' dir='ltr'><strong>Hamilcaris</strong></span> <span class='ocrx_word' id='word_1_193' title='bbox 689 2229 799 2307; x_wconf 87' lang='lat' dir='ltr'><strong>scripta</strong></span> <span class='ocrx_word' id='word_1_194' title='bbox 812 2246 919 2301; x_wconf 88' lang='lat' dir='ltr'><strong>manu,</strong></span> <span class='ocrx_word' id='word_1_195' title='bbox 937 2229 986 2309; x_wconf 90' lang='lat' dir='ltr'><strong>qui</strong></span> <span class='ocrx_word' id='word_1_196' title='bbox 998 2227 1075 2305; x_wconf 57' lang='lat' dir='ltr'><strong>iussu}</strong></span> 
     </span>
     <span class='ocr_line' id='line_1_25' title="bbox 133 2309 1074 2392; baseline 0 -22"><span class='ocrx_word' id='word_1_197' title='bbox 133 2309 169 2371; x_wconf 91' lang='lat' dir='ltr'><strong>ab</strong></span> <span class='ocrx_word' id='word_1_198' title='bbox 185 2309 307 2371; x_wconf 87' lang='lat' dir='ltr'><strong>consule</strong></span> <span class='ocrx_word' id='word_1_199' title='bbox 323 2319 425 2373; x_wconf 92' lang='lat' dir='ltr'><strong>nostro</strong></span> <span class='ocrx_word' id='word_1_200' title='bbox 440 2310 619 2390; x_wconf 90' lang='lat' dir='ltr'><strong>praesidium</strong></span> <span class='ocrx_word' id='word_1_201' title='bbox 635 2310 814 2379; x_wconf 81' lang='lat' dir='ltr'><strong>deduxit-ab</strong></span> <span class='ocrx_word' id='word_1_202' title='bbox 832 2311 945 2392; x_wconf 63' lang='lat' dir='ltr'><strong>Fayce,</strong></span> <span class='ocrx_word' id='word_1_203' title='bbox 961 2312 1009 2392; x_wconf 92' lang='lat' dir='ltr'><strong>qui</strong></span> <span class='ocrx_word' id='word_1_204' title='bbox 1023 2323 1074 2389; x_wconf 70' lang='lat' dir='ltr'><strong>gra·</strong></span> 
     </span>
     <span class='ocr_line' id='line_1_26' title="bbox 132 2392 1072 2475; baseline 0 -24"><span class='ocrx_word' id='word_1_205' title='bbox 132 2411 182 2452; x_wconf 85' lang='lat' dir='ltr'><strong>ves</strong></span> <span class='ocrx_word' id='word_1_206' title='bbox 197 2396 339 2472; x_wconf 86' lang='lat' dir='ltr'><strong>inpositas</strong></span> <span class='ocrx_word' id='word_1_207' title='bbox 357 2395 440 2455; x_wconf 82' lang='lat' dir='ltr'><strong>victis</strong></span> <span class='ocrx_word' id='word_1_208' title='bbox 457 2392 748 2473; x_wconf 83' lang='lat' dir='ltr'><strong>Carthaginiensibus</strong></span> <span class='ocrx_word' id='word_1_209' title='bbox 763 2394 845 2475; x_wconf 83' lang='lat' dir='ltr'><strong>leges</strong></span> <span class='ocrx_word' id='word_1_210' title='bbox 866 2396 998 2458; x_wconf 84' lang='lat' dir='ltr'><strong>tremens</strong></span> <span class='ocrx_word' id='word_1_211' title='bbox 1011 2406 1072 2453; x_wconf 75' lang='lat' dir='ltr'><strong>man</strong></span> 
     </span>
    </p>

    <p class='ocr_par' dir='ltr' id='par_1_6' title="bbox 60 2478 1073 3313">
     <span class='ocr_line' id='line_1_27' title="bbox 90 2478 1073 2560; baseline 0.001 -23"><span class='ocrx_word' id='word_1_212' title='bbox 90 2528 94 2549; x_wconf 72' lang='grc'><em>,</em></span> <span class='ocrx_word' id='word_1_213' title='bbox 132 2494 260 2557; x_wconf 85' lang='lat' dir='ltr'><strong>reasque</strong></span> <span class='ocrx_word' id='word_1_214' title='bbox 276 2479 404 2558; x_wconf 88' lang='lat' dir='ltr'><strong>accepit,</strong></span> <span class='ocrx_word' id='word_1_215' title='bbox 422 2480 473 2557; x_wconf 92' lang='lat' dir='ltr'><strong>qui</strong></span> <span class='ocrx_word' id='word_1_216' title='bbox 487 2478 631 2550; x_wconf 89' lang='lat' dir='ltr'><strong>decedere</strong></span> <span class='ocrx_word' id='word_1_217' title='bbox 647 2478 759 2550; x_wconf 91' lang='lat' dir='ltr'><strong>Sicilia,</strong></span> <span class='ocrx_word' id='word_1_218' title='bbox 783 2481 834 2559; x_wconf 92' lang='lat' dir='ltr'><strong>qui</strong></span> <span class='ocrx_word' id='word_1_219' title='bbox 847 2479 1023 2560; x_wconf 88' lang='lat' dir='ltr'><strong>stipendium</strong></span> <span class='ocrx_word' id='word_1_220' title='bbox 1033 2489 1073 2553; x_wconf 79' lang='lat' dir='ltr'><strong>po·</strong></span> 
     </span>
     <span class='ocr_line' id='line_1_28' title="bbox 93 2560 1073 2643; baseline -0.001 -20"><span class='ocrx_word' id='word_1_221' title='bbox 93 2563 118 2640; x_wconf 66' lang='lat'><strong>⁵3⁴</strong></span> <span class='ocrx_word' id='word_1_222' title='bbox 136 2560 205 2642; x_wconf 94' lang='lat' dir='ltr'><strong>pulo</strong></span> <span class='ocrx_word' id='word_1_223' title='bbox 221 2562 354 2624; x_wconf 87' lang='lat' dir='ltr'><strong>Romano</strong></span> <span class='ocrx_word' id='word_1_224' title='bbox 368 2562 438 2623; x_wconf 90' lang='lat' dir='ltr'><strong>dare</strong></span> <span class='ocrx_word' id='word_1_225' title='bbox 448 2570 616 2642; x_wconf 87' lang='lat' dir='ltr'><strong>pactusest.</strong></span> <span class='ocrx_word' id='word_1_226' title='bbox 645 2564 744 2643; x_wconf 86' lang='lat' dir='ltr'><strong>itaque</strong></span> <span class='ocrx_word' id='word_1_227' title='bbox 755 2581 807 2624; x_wconf 85' lang='lat' dir='ltr'><strong>ros</strong></span> <span class='ocrx_word' id='word_1_228' title='bbox 821 2580 890 2642; x_wconf 87' lang='lat' dir='ltr'><strong>ego,</strong></span> <span class='ocrx_word' id='word_1_229' title='bbox 907 2563 1019 2630; x_wconf 87' lang='lat' dir='ltr'><strong>milites,</strong></span> <span class='ocrx_word' id='word_1_230' title='bbox 1028 2569 1073 2617; x_wconf 75' lang='lat' dir='ltr'><strong>11⁰ss</strong></span> 
     </span>
     <span class='ocr_line' id='line_1_29' title="bbox 60 2645 1072 2733; baseline 0.004 -27"><span class='ocrx_word' id='word_1_231' title='bbox 60 2712 74 2733; x_wconf 46' lang='lat' dir='ltr'><em>s</em></span> <span class='ocrx_word' id='word_1_232' title='bbox 119 2664 169 2728; x_wconf 89' lang='lat' dir='ltr'><strong>eo</strong></span> <span class='ocrx_word' id='word_1_233' title='bbox 179 2645 274 2708; x_wconf 92' lang='lat' dir='ltr'><strong>solum</strong></span> <span class='ocrx_word' id='word_1_234' title='bbox 287 2649 402 2718; x_wconf 89' lang='lat' dir='ltr'><strong>auimo,</strong></span> <span class='ocrx_word' id='word_1_235' title='bbox 418 2665 476 2727; x_wconf 92' lang='lat' dir='ltr'><strong>quo</strong></span> <span class='ocrx_word' id='word_1_236' title='bbox 488 2647 626 2708; x_wconf 82' lang='lat' dir='ltr'><strong>adversus</strong></span> <span class='ocrx_word' id='word_1_237' title='bbox 637 2646 709 2708; x_wconf 91' lang='lat' dir='ltr'><strong>alios</strong></span> <span class='ocrx_word' id='word_1_238' title='bbox 721 2648 821 2708; x_wconf 88' lang='lat' dir='ltr'><strong>hostes</strong></span> <span class='ocrx_word' id='word_1_239' title='bbox 830 2646 948 2718; x_wconf 89' lang='lat' dir='ltr'><strong>soletis,</strong></span> <span class='ocrx_word' id='word_1_240' title='bbox 961 2646 1072 2727; x_wconf 78' lang='lat' dir='ltr'><strong>pugnam</strong></span> 
     </span>
     <span class='ocr_line' id='line_1_30' title="bbox 93 2717 1071 2812; baseline -0.003 -26.009"><span class='ocrx_word' id='word_1_241' title='bbox 93 2757 96 2794; x_wconf 62' lang='lat'><em>3</em></span> <span class='ocrx_word' id='word_1_242' title='bbox 106 2727 233 2813; x_wconf 46' lang='lat' dir='ltr'><strong>ieelim,</strong></span> <span class='ocrx_word' id='word_1_243' title='bbox 258 2731 310 2790; x_wconf 88' lang='lat' dir='ltr'><strong>sed</strong></span> <span class='ocrx_word' id='word_1_244' title='bbox 332 2748 400 2792; x_wconf 90' lang='lat' dir='ltr'><strong>cum</strong></span> <span class='ocrx_word' id='word_1_245' title='bbox 421 2731 623 2809; x_wconf 83' lang='lat' dir='ltr'><strong>indignatione</strong></span> <span class='ocrx_word' id='word_1_246' title='bbox 637 2731 764 2812; x_wconf 88' lang='lat' dir='ltr'><strong>quadam</strong></span> <span class='ocrx_word' id='word_1_247' title='bbox 785 2738 872 2811; x_wconf 87' lang='lat' dir='ltr'><strong>atque</strong></span> <span class='ocrx_word' id='word_1_248' title='bbox 893 2733 955 2800; x_wconf 89' lang='lat' dir='ltr'><strong>ira,</strong></span> <span class='ocrx_word' id='word_1_249' title='bbox 976 2717 1071 2788; x_wconf 80' lang='lat' dir='ltr'><strong>relnttl</strong></span> 
     </span>
     <span class='ocr_line' id='line_1_31' title="bbox 133 2811 1070 2894; baseline -0.01 -16.35"><span class='ocrx_word' id='word_1_250' title='bbox 133 2828 234 2873; x_wconf 87' lang='lat' dir='ltr'><strong>servos</strong></span> <span class='ocrx_word' id='word_1_251' title='bbox 253 2812 374 2874; x_wconf 83' lang='lat' dir='ltr'><strong>videatis</strong></span> <span class='ocrx_word' id='word_1_252' title='bbox 394 2821 506 2875; x_wconf 87' lang='lat' dir='ltr'><strong>vestros</strong></span> <span class='ocrx_word' id='word_1_253' title='bbox 528 2833 610 2876; x_wconf 91' lang='lat' dir='ltr'><strong>arma</strong></span> <span class='ocrx_word' id='word_1_254' title='bbox 624 2823 749 2894; x_wconf 90' lang='lat' dir='ltr'><strong>repente</strong></span> <span class='ocrx_word' id='word_1_255' title='bbox 765 2822 868 2876; x_wconf 82' lang='lat' dir='ltr'><strong>contm</strong></span> <span class='ocrx_word' id='word_1_256' title='bbox 887 2832 940 2876; x_wconf 84' lang='lat' dir='ltr'><strong>ros</strong></span> <span class='ocrx_word' id='word_1_257' title='bbox 953 2811 1070 2874; x_wconf 75' lang='lat' dir='ltr'><strong>ferenes</strong></span> 
     </span>
     <span class='ocr_line' id='line_1_32' title="bbox 96 2894 1069 2977; baseline -0.005 -17"><span class='ocrx_word' id='word_1_258' title='bbox 96 2933 108 2960; x_wconf 56' lang='grc' dir='ltr'>μ</span> <span class='ocrx_word' id='word_1_259' title='bbox 136 2894 218 2956; x_wconf 89' lang='lat' dir='ltr'><strong>licuit</strong></span> <span class='ocrx_word' id='word_1_260' title='bbox 247 2894 284 2956; x_wconf 91' lang='lat' dir='ltr'><strong>ad</strong></span> <span class='ocrx_word' id='word_1_261' title='bbox 303 2896 428 2975; x_wconf 79' lang='lat' dir='ltr'><strong>Erycem</strong></span> <span class='ocrx_word' id='word_1_262' title='bbox 449 2895 563 2958; x_wconf 89' lang='lat' dir='ltr'><strong>clausos</strong></span> <span class='ocrx_word' id='word_1_263' title='bbox 583 2897 687 2960; x_wconf 90' lang='lat' dir='ltr'><strong>ultimo</strong></span> <span class='ocrx_word' id='word_1_264' title='bbox 713 2897 856 2977; x_wconf 90' lang='lat' dir='ltr'><strong>supplicio</strong></span> <span class='ocrx_word' id='word_1_265' title='bbox 883 2898 1069 2959; x_wconf 77' lang='lat' dir='ltr'><strong>humanorum</strong></span> 
     </span>
     <span class='ocr_line' id='line_1_33' title="bbox 98 2979 1069 3050; baseline -0.005 -10"><span class='ocrx_word' id='word_1_266' title='bbox 98 2979 112 3018; x_wconf 62' lang='grc' dir='ltr'><strong>’ἵ</strong></span> <span class='ocrx_word' id='word_1_267' title='bbox 133 2979 210 3040; x_wconf 90' lang='lat' dir='ltr'><strong>lame</strong></span> <span class='ocrx_word' id='word_1_268' title='bbox 217 2979 398 3050; x_wconf 86' lang='lat' dir='ltr'><strong>lntcrlioere;</strong></span> <span class='ocrx_word' id='word_1_269' title='bbox 413 2979 652 3044; x_wconf 81' lang='lat' dir='ltr'><strong>licuitvictricem</strong></span> <span class='ocrx_word' id='word_1_270' title='bbox 659 2982 782 3044; x_wconf 90' lang='lat' dir='ltr'><strong>classem</strong></span> <span class='ocrx_word' id='word_1_271' title='bbox 791 2979 1069 3043; x_wconf 77' lang='lat' dir='ltr'><strong>inhlricamtraiccrt</strong></span> 
     </span>
     <span class='ocr_line' id='line_1_34' title="bbox 133 3062 1067 3144; baseline 0.001 -18.973"><span class='ocrx_word' id='word_1_272' title='bbox 133 3071 219 3144; x_wconf 87' lang='lat' dir='ltr'><strong>atque</strong></span> <span class='ocrx_word' id='word_1_273' title='bbox 234 3065 312 3125; x_wconf 87' lang='lat' dir='ltr'><strong>intra</strong></span> <span class='ocrx_word' id='word_1_274' title='bbox 326 3081 436 3143; x_wconf 89' lang='lat' dir='ltr'><strong>paucos</strong></span> <span class='ocrx_word' id='word_1_275' title='bbox 458 3064 520 3126; x_wconf 90' lang='lat' dir='ltr'><strong>dies</strong></span> <span class='ocrx_word' id='word_1_276' title='bbox 540 3066 605 3127; x_wconf 89' lang='lat' dir='ltr'><strong>sine</strong></span> <span class='ocrx_word' id='word_1_277' title='bbox 624 3066 685 3128; x_wconf 91' lang='lat' dir='ltr'><strong>ullo</strong></span> <span class='ocrx_word' id='word_1_278' title='bbox 708 3068 869 3128; x_wconf 88' lang='lat' dir='ltr'><strong>certamine</strong></span> <span class='ocrx_word' id='word_1_279' title='bbox 883 3062 1067 3138; x_wconf 65' lang='lat' dir='ltr'><strong>Carthaginem</strong></span> 
     </span>
     <span class='ocr_line' id='line_1_35' title="bbox 91 3135 1067 3230; baseline -0.005 -24"><span class='ocrx_word' id='word_1_280' title='bbox 91 3155 124 3206; x_wconf 79' lang='lat'><strong>12</strong></span> <span class='ocrx_word' id='word_1_281' title='bbox 135 3146 235 3210; x_wconf 89' lang='lat' dir='ltr'><strong>delere</strong></span> <span class='ocrx_word' id='word_1_282' title='bbox 248 3169 305 3210; x_wconf 71' lang='grc' dir='ltr'><strong>-ι</strong></span> <span class='ocrx_word' id='word_1_283' title='bbox 322 3151 435 3211; x_wconf 84' lang='lat' dir='ltr'><strong>veniam</strong></span> <span class='ocrx_word' id='word_1_284' title='bbox 452 3149 586 3212; x_wconf 90' lang='lat' dir='ltr'><strong>dedimus</strong></span> <span class='ocrx_word' id='word_1_285' title='bbox 600 3149 805 3230; x_wconf 88' lang='lat' dir='ltr'><strong>precantibus,</strong></span> <span class='ocrx_word' id='word_1_286' title='bbox 821 3150 970 3212; x_wconf 77' lang='lat' dir='ltr'><strong>emhinrus</strong></span> <span class='ocrx_word' id='word_1_287' title='bbox 984 3163 1015 3206; x_wconf 79' lang='lat' dir='ltr'><strong>ex</strong></span> <span class='ocrx_word' id='word_1_288' title='bbox 1028 3135 1067 3201; x_wconf 81' lang='lat' dir='ltr'><strong>ol·</strong></span> 
     </span>
     <span class='ocr_line' id='line_1_36' title="bbox 134 3231 1067 3313; baseline 0.001 -24"><span class='ocrx_word' id='word_1_289' title='bbox 134 3231 263 3303; x_wconf 82' lang='lat' dir='ltr'><strong>aldione,</strong></span> <span class='ocrx_word' id='word_1_290' title='bbox 280 3250 384 3313; x_wconf 90' lang='lat' dir='ltr'><strong>pacem</strong></span> <span class='ocrx_word' id='word_1_291' title='bbox 395 3252 462 3295; x_wconf 91' lang='lat' dir='ltr'><strong>cum</strong></span> <span class='ocrx_word' id='word_1_292' title='bbox 477 3235 561 3296; x_wconf 84' lang='lat' dir='ltr'><strong>victis</strong></span> <span class='ocrx_word' id='word_1_293' title='bbox 575 3235 712 3306; x_wconf 85' lang='lat' dir='ltr'><strong>lecimus,</strong></span> <span class='ocrx_word' id='word_1_294' title='bbox 729 3233 836 3296; x_wconf 89' lang='lat' dir='ltr'><strong>tutelae</strong></span> <span class='ocrx_word' id='word_1_295' title='bbox 852 3232 957 3296; x_wconf 91' lang='lat' dir='ltr'><strong>deinde</strong></span> <span class='ocrx_word' id='word_1_296' title='bbox 970 3232 1067 3291; x_wconf 69' lang='lat' dir='ltr'><strong>nostm</strong></span> 
     </span>
    </p>
   </div>
   <div class='ocr_carea' id='block_1_3' title="bbox 92 3301 1068 3565">
    <p class='ocr_par' dir='ltr' id='par_1_7' title="bbox 92 3301 1068 3565">
     <span class='ocr_line' id='line_1_37' title="bbox 92 3301 1067 3398; baseline 0.004 -29"><span class='ocrx_word' id='word_1_297' title='bbox 92 3312 288 3385; x_wconf 79' lang='lat' dir='ltr'><strong>reduximus,</strong></span> <span class='ocrx_word' id='word_1_298' title='bbox 307 3334 374 3378; x_wconf 92' lang='lat' dir='ltr'><strong>cum</strong></span> <span class='ocrx_word' id='word_1_299' title='bbox 389 3317 489 3379; x_wconf 81' lang='lat' dir='ltr'><strong>hlrioo</strong></span> <span class='ocrx_word' id='word_1_300' title='bbox 506 3317 585 3381; x_wconf 90' lang='lat' dir='ltr'><strong>bello</strong></span> <span class='ocrx_word' id='word_1_301' title='bbox 600 3325 787 3398; x_wconf 86' lang='lat' dir='ltr'><strong>urgerentur.</strong></span> <span class='ocrx_word' id='word_1_302' title='bbox 815 3336 871 3398; x_wconf 91' lang='lat' dir='ltr'><strong>pro</strong></span> <span class='ocrx_word' id='word_1_303' title='bbox 884 3317 932 3378; x_wconf 88' lang='lat' dir='ltr'><strong>his</strong></span> <span class='ocrx_word' id='word_1_304' title='bbox 944 3301 1067 3392; x_wconf 74' lang='lat' dir='ltr'><strong>supernis</strong></span> 
     </span>
     <span class='ocr_line' id='line_1_38' title="bbox 134 3393 1067 3483; baseline 0.004 -31"><span class='ocrx_word' id='word_1_305' title='bbox 134 3393 277 3456; x_wconf 81' lang='lat' dir='ltr'><strong>furiosum</strong></span> <span class='ocrx_word' id='word_1_306' title='bbox 288 3399 423 3464; x_wconf 83' lang='lat' dir='ltr'><strong>iuvenem</strong></span> <span class='ocrx_word' id='word_1_307' title='bbox 438 3411 596 3481; x_wconf 87' lang='lat' dir='ltr'><strong>sequentes</strong></span> <span class='ocrx_word' id='word_1_308' title='bbox 608 3410 808 3483; x_wconf 85' lang='lat' dir='ltr'><strong>oppugnatum</strong></span> <span class='ocrx_word' id='word_1_309' title='bbox 819 3402 945 3482; x_wconf 90' lang='lat' dir='ltr'><strong>patriam</strong></span> <span class='ocrx_word' id='word_1_310' title='bbox 958 3398 1067 3456; x_wconf 67' lang='lat' dir='ltr'><strong>nostutffl</strong></span> 
     </span>
     <span class='ocr_line' id='line_1_39' title="bbox 134 3469 1068 3565; baseline -0.001 -31"><span class='ocrx_word' id='word_1_311' title='bbox 134 3478 264 3538; x_wconf 88' lang='lat' dir='ltr'><strong>veniunt.</strong></span> <span class='ocrx_word' id='word_1_312' title='bbox 302 3488 390 3560; x_wconf 90' lang='lat' dir='ltr'><strong>atque</strong></span> <span class='ocrx_word' id='word_1_313' title='bbox 412 3487 523 3546; x_wconf 89' lang='lat' dir='ltr'><strong>utinam</strong></span> <span class='ocrx_word' id='word_1_314' title='bbox 544 3505 600 3565; x_wconf 94' lang='lat' dir='ltr'><strong>pro</strong></span> <span class='ocrx_word' id='word_1_315' title='bbox 623 3487 731 3548; x_wconf 91' lang='lat' dir='ltr'><strong>decore</strong></span> <span class='ocrx_word' id='word_1_316' title='bbox 750 3494 864 3547; x_wconf 92' lang='lat' dir='ltr'><strong>tantum</strong></span> <span class='ocrx_word' id='word_1_317' title='bbox 886 3484 945 3545; x_wconf 91' lang='lat' dir='ltr'><strong>hoo</strong></span> <span class='ocrx_word' id='word_1_318' title='bbox 965 3469 1068 3538; x_wconf 72' lang='lat' dir='ltr'><strong>volart</strong></span> 
     </span>
    </p>
   </div>
   <div class='ocr_carea' id='block_1_4' title="bbox 0 0 1150 3920">
    <p class='ocr_par' dir='ltr' id='par_1_8' title="bbox 0 0 1150 3920">
     <span class='ocr_line' id='line_1_40' title="bbox 0 0 1150 3920; baseline 0 3"><span class='ocrx_word' id='word_1_319' title='bbox 0 0 1150 3920; x_wconf 95' lang='lat' dir='ltr'><strong> </strong></span> 
     </span>
    </p>
   </div>
  </div>
 </body>
</html>
