2290 3920
263 252 356 293 mss
369 253 433 293 m.
450 251 519 293 on.
535 239 578 292 rs.
594 239 638 291 ae.
656 230 695 312 [a.
714 232 748 293 o.
764 230 825 312 ne]
933 208 939 219 “
965 235 1026 297 245

82 401 189 460 --iam
214 400 292 460 enim
314 409 342 462 et
366 406 535 460 revocatum
557 416 592 457 ex
609 397 707 458 Sicilia
733 397 864 459 audierat
885 405 1028 459 -ratus

83 482 299 563 expectandum,
314 483 426 554 locum,
448 483 499 562 qui
512 498 606 560 prope
620 480 731 542 flumen
746 481 907 543 tutissimus
917 483 1027 543 stativis

6 604 7 607 =
82 573 121 627 est
135 568 224 636 risus,
241 565 385 628 delectum
400 566 582 626 communiit.
613 583 668 625 nec
682 562 787 643 procul
799 564 868 626 inde
882 564 1056 627 Hannibale

82 667 141 711 curn
155 648 347 721 cousedIssei,
366 656 507 730 quantum
518 650 638 709 victoria
649 649 777 728 equestri
792 646 897 718 elatus,
914 654 1027 710 tentum

82 735 175 794 aurius
188 734 303 813 inopia,
326 752 400 814 quaa
415 751 471 812 per
496 733 624 793 hostium
644 749 731 810 agros
750 739 868 793 euntem
885 749 1027 811 nusquam

7 848 8 855 ,
80 819 252 897 praeparatis
267 816 478 879 commeatibus
494 818 590 877 maior
603 817 635 876 in
651 816 713 875 dies
724 813 901 893 excipiebat,
917 814 954 875 ad
964 814 1027 878 Cla-

8 952 9 957 ,
81 901 191 962 stidinm
219 902 330 972 vicum,
358 918 416 980 quo
440 917 578 978 magnum
604 900 746 960 frumenti
772 916 929 960 numerum
957 904 1055 960 con-e

81 992 223 1062 gesserant
242 984 382 1055 Romani,
406 985 504 1046 mittit.
540 983 583 1043 ibl
609 1000 676 1043 cum
698 984 756 1045 vim
779 989 935 1062 pararent,
961 1000 1028 1062 spes

81 1067 148 1128 iacta
161 1068 352 1148 proditionis,
380 1086 435 1129 nec
455 1085 524 1128 sane
539 1084 645 1145 magno
662 1068 772 1145 pretio,
789 1068 917 1128 nummis
932 1066 1029 1126 aureis

81 1152 305 1231 quadringentis,
331 1151 416 1213 Dasio
437 1151 615 1212 Brundisino
641 1150 790 1229 praelecto
813 1150 942 1229 praesidi
962 1167 1028 1210 cor·

81 1243 159 1315 rupto
175 1234 302 1297 traditur
317 1234 473 1296 Hannibali
488 1233 666 1296 Clastidium,
687 1235 717 1294 ld
734 1236 876 1296 borreum
887 1235 941 1295 fuit
954 1234 1028 1296 Poe-

81 1319 121 1379 nis
133 1319 304 1381 sedentibus
326 1318 364 1379 ad
378 1318 526 1380 Trebiam.
566 1320 598 1378 in
615 1319 744 1396 captivos
761 1337 796 1378 ex
816 1318 924 1379 tradito
941 1321 1071 1398 prae-10

81 1403 161 1475 sidio,
175 1412 208 1465 ut
223 1403 302 1465 lama
316 1401 488 1463 clementiae
502 1402 534 1459 in
551 1402 696 1479 principio
713 1419 815 1461 rerum
831 1401 1027 1479 colligeretur,
1075 1448 1080 1455 .

82 1486 146 1546 nibil
160 1490 301 1549 saevitum
318 1494 370 1547 est.
523 1494 526 1497 ‘
668 1496 670 1501 '
1028 1492 1053 1515 ⁴*

135 1571 232 1633 xcix.
264 1571 337 1632 Cum
350 1569 386 1629 ad
397 1568 535 1631 Trebiam
552 1574 694 1628 terrestre
711 1568 888 1628 constitisset
910 1565 1056 1638 belluini

81 1652 189 1715 interim
211 1657 291 1725 circa
306 1652 434 1715 Siciliam
457 1651 627 1730 insulasque
647 1649 746 1711 ltaliae
767 1650 946 1710 inminentes
968 1657 1029 1710 eta

82 1735 246 1818 Sempronio
272 1737 392 1798 consule
413 1744 443 1798 et
465 1743 532 1798 ante
553 1734 708 1819 adrentum
724 1736 877 1796 eiusterra
896 1736 1029 1813 marique

81 1838 124 1880 res
137 1831 243 1898 gestae.
273 1822 374 1898 viginti
385 1821 612 1901 quinqueremes
627 1837 694 1880 curn
707 1817 788 1878 mille
799 1819 918 1878 armatis
930 1818 966 1878 ad
979 1818 1029 1878 de·
1041 1826 1057 1873 2

3 1944 5 1947 ψ
39 1921 41 1927 ·
81 1901 911 1983 populandamoramltaliaeaCartbaginienslbusmissae;
925 1920 1029 1963 norem

3 2014 4 2019 ¹
81 1986 207 2066 Liparas,
230 1988 352 2050 octoad
366 1986 492 2050 insulam
511 1985 632 2047 Vulcani
652 1992 825 2056 tenuerunt,
848 1994 909 2047 tres
922 1988 954 2046 in
969 1987 1028 2047 ire·

79 2076 136 2131 tum
147 2071 273 2133 advertit
283 2078 388 2131 aestus.
410 2072 446 2131 ad
458 2089 507 2131 eas
522 2077 693 2150 conspectas
704 2088 720 2130 a
731 2070 864 2131 Messana
877 2069 1056 2130 duodecime

81 2170 161 2215 nares
181 2156 217 2217 ab
239 2155 371 2216 Hierone
392 2172 462 2232 rege
482 2154 732 2233 Syracusanorum
754 2154 874 2222 missae,
896 2155 1030 2231 quitum

3 2280 9 2299 ,
81 2235 151 2298 iorie
163 2239 316 2302 Messanae
330 2244 394 2298 erat
408 2237 558 2299 consulem
574 2238 740 2298 Romanum
761 2236 932 2314 opperiens,
948 2234 1028 2296 nullo

81 2329 257 2400 repugnante
269 2328 368 2401 captas
382 2338 471 2381 naves
484 2322 646 2381 Messanam
661 2322 691 2378 in
705 2326 823 2397 portum
836 2317 1030 2380 deduxerunt.

82 2407 224 2481 cognitum
240 2425 277 2467 ex
295 2406 416 2484 captivis
430 2411 547 2483 praeter
558 2404 659 2480 viginti
674 2420 777 2471 nares,
793 2402 875 2462 cuius
888 2403 943 2480 ipsi
957 2402 1059 2464 olas-4

82 2486 116 2545 sis
130 2495 241 2560 essent,
257 2490 289 2547 in
299 2486 411 2548 ltaliam
423 2488 528 2547 missas
538 2487 666 2565 quinque
681 2493 711 2545 et
726 2486 844 2563 triginta
859 2483 929 2546 alias
944 2489 1029 2565 quin-

82 2587 230 2646 queremes
245 2570 375 2633 Siclliam
388 2578 490 2649 petere
507 2570 545 2628 ad
565 2569 763 2630 sollicitandos
783 2576 897 2629 veteres
918 2571 1029 2637 socios;

82 2649 204 2732 Lilybaei
209 2654 374 2737 occupandi
384 2655 572 2733 praecipuam
585 2669 686 2712 curam
698 2669 778 2720 esse;
794 2651 916 2712 credere
928 2652 1029 2713 eadem
1041 2660 1058 2709 5

81 2738 263 2815 tempestate,
282 2756 338 2817 qua
355 2738 412 2817 ipsi
431 2737 544 2798 disiecti
559 2735 672 2805 forent,
695 2752 760 2796 eam
775 2753 891 2815 quoque
907 2735 1029 2797 classem

83 2816 116 2879 ad
128 2822 242 2900 legatis
263 2821 373 2883 insulas
392 2821 543 2882 deiectam.
581 2821 654 2880 baec
670 2822 746 2881 sicut
764 2820 861 2881 audita
876 2828 961 2881 erant
975 2828 1056 2880 rexd

80 2896 117 2961 M.
129 2903 251 2967 Aemilio
268 2906 412 2985 praetori,
437 2906 519 2966 euius
534 2903 632 2965 Sicilia
647 2905 799 2983 provincia
814 2908 1029 2983 eratperseri·
1139 2910 1140 2915 ’

84 2978 123 3043 bit
135 2996 306 3068 monetque,
324 2995 357 3049 ut
370 2987 540 3067 Lilybaeum
555 2989 647 3049 firmo
664 2994 777 3048 teneret
791 2988 949 3068 praesidio.
980 2994 1057 3047 err-7

84 3068 215 3147 temploa
229 3079 367 3151 praetore
381 3078 411 3131 et
426 3074 503 3133 circa
514 3068 739 3133 civitatesmissi
752 3070 840 3149 legati
850 3070 1028 3148 tribunique,

84 3152 131 3220 cui
152 3170 219 3214 suos
239 3156 275 3217 ad
302 3173 403 3216 euram
430 3155 580 3215 custodiae
609 3153 815 3223 intenderent:
838 3159 905 3214 ante
933 3155 1030 3213 omnia

84 3227 246 3311 Lilybaeum
260 3240 356 3300 teneri
370 3247 511 3317 apparatu
526 3237 608 3307 belli,
624 3238 720 3297 edicto
731 3238 896 3316 proposito,
913 3244 945 3296 ut
958 3240 1030 3297 socii

86 3316 195 3380 narales
206 3320 307 3383 decem
321 3321 437 3383 dierum
449 3330 531 3383 cocta
543 3320 653 3382 cibaria
664 3320 701 3381 ad
714 3338 801 3381 nares
814 3319 973 3391 deferrent,
988 3331 1029 3391 ut,
1042 3328 1059 3378 8

84 3394 132 3456 ubi
150 3405 264 3479 signum
284 3406 384 3467 datum
406 3413 497 3474 esset,
525 3405 654 3484 nequid
675 3422 789 3466 meram
813 3406 1031 3466 conscendendi

85 3476 206 3554 iaceret;
217 3506 328 3570 perque
344 3506 460 3551 omnem
472 3507 554 3550 oram
569 3490 620 3568 qui
636 3507 673 3551 ex
686 3487 813 3571 speculis
826 3490 1032 3569 prospicerent

1044 3822 1139 3892 A
