2350 3922
292 224 484 266 nmnnxmr.
502 223 570 266 oar.
585 214 612 265 a.
623 203 675 284 ol
695 250 702 265 .
717 204 751 266 O.
766 205 826 286 tiu]
975 211 1036 273 323

89 389 158 451 que,
174 373 298 451 pecunia
315 378 495 433 commeatus
509 373 603 433 autin
620 372 682 431 acie
698 378 749 432 aut
764 370 840 433 binis
856 378 974 451 postero
990 373 1036 433 dic

88 456 197 517 amissis
212 457 315 517 castris
330 454 493 535 perierunt.
526 458 624 534 itaque
639 473 699 515 nou
722 457 825 516 iuvods
841 474 896 517 nos
909 456 941 516 in
958 455 1063 517 bellot

88 545 206 612 coenat,
223 538 371 618 Campani,
390 538 443 600 sed
456 556 550 619 paene
564 537 676 599 bellum
691 557 746 617 pro
761 538 846 599 nobis
860 540 1034 620 suscipiatis.

18 702 20 705 v
87 625 179 684 veniat
191 624 221 683 in
237 631 383 693 mentem,
409 629 442 683 ut
457 621 587 703 trepidos
607 622 754 702 quondam
776 624 903 683 maiores
925 631 1065 685 vestrone

85 706 157 766 iutra
171 708 287 767 muenia
302 704 460 785 conpulsos
476 724 533 767 nec
550 706 712 767 Samnitem
727 707 815 767 modo
831 706 961 776 hostem,
984 707 1036 766 sed

86 791 167 850 etiam
183 790 345 852 Sidicinum
359 790 506 868 parentis,
524 792 660 869 receptos
674 791 704 849 in
720 790 807 851 tidem
822 791 866 850 ud
878 789 1036 852 Saticulam

86 871 311 945 defenderimus,
334 880 529 954 coeptumque
551 880 674 953 propter
696 892 747 934 vos
768 891 834 933 cum
857 873 1035 935 Samnitibus

84 953 188 1018 bellurn
202 976 257 1038 per
271 964 388 1019 centum
405 974 498 1037 prope
513 975 606 1019 annos
621 959 751 1018 variants
766 957 884 1019 fortuna
899 965 1036 1018 eventum

85 1039 243 1103 tulerimus.
274 1040 379 1102 adicite
395 1040 536 1110 adhaec,
561 1040 640 1121 quod
656 1040 760 1102 foedus
779 1060 903 1121 aequom
919 1041 1063 1110 deditistt

83 1123 155 1203 quod
170 1123 250 1203 leges
265 1132 390 1194 vestras,
408 1124 486 1204 quod
501 1125 537 1185 ad
552 1132 731 1195 extremum,
746 1126 776 1186 id
788 1125 867 1203 quod
877 1132 946 1187 ante
961 1126 1034 1187 Can-

84 1225 197 1269 nensem
219 1216 300 1270 certe
325 1207 438 1270 cladem
452 1227 622 1270 maxumum
643 1210 712 1279 tuit,
736 1210 881 1272 civitatem
903 1217 1034 1270 nostram

83 1309 199 1370 magnae
213 1294 291 1372 parti
303 1299 432 1354 vestrum
443 1291 577 1354 dedimus
591 1295 927 1373 communicavimusque
939 1292 1034 1355 vobis·

84 1392 152 1436 oum.
184 1378 282 1456 itaque
304 1393 490 1437 communem
504 1394 556 1437 ros
570 1375 647 1437 hano
669 1376 796 1447 sladem,
821 1394 895 1455 quae
910 1382 1077 1456 acceptato

83 1467 135 1528 est,
150 1460 288 1532 credere,
305 1459 459 1540 Campani,
475 1467 599 1539 oportet,
616 1477 802 1521 communem
813 1462 938 1538 patriam
950 1467 1033 1520 tuen-

83 1539 144 1605 dam
158 1544 296 1606 arbitrari
309 1561 382 1605 esse.
417 1562 478 1604 non
492 1562 559 1604 cum
570 1543 700 1605 Samnite
716 1549 765 1603 aut
779 1543 903 1603 Etrusco
914 1560 964 1603 res
980 1550 1032 1612 est,
1043 1548 1074 1599 11

82 1633 123 1696 ut,
144 1628 220 1708 quod
240 1647 257 1689 a
279 1626 364 1689 uobis
384 1626 514 1689 ablatum
536 1629 586 1697 sit,
608 1628 638 1687 in
659 1626 740 1688 ltalia
757 1634 854 1687 tamen
874 1626 1032 1705 imperium

17 1714 19 1749 ³
82 1719 206 1773 maneat:
226 1713 345 1774 Poenos
367 1712 473 1781 hostis,
495 1729 533 1772 ne
552 1712 667 1775 Africae
682 1710 801 1790 quidem
821 1709 979 1788 indigena,
996 1708 1032 1769 ab

81 1790 185 1855 ultimis
198 1803 348 1857 terrarum
362 1796 436 1865 oris,
453 1795 530 1856 freto
547 1794 657 1855 Oceani
670 1793 863 1875 Herculisque
878 1793 1031 1862 columnis,

83 1887 225 1955 expertem
241 1880 338 1939 omnis
353 1879 427 1939 iuris
442 1885 473 1939 et
494 1878 674 1939 condicionis
690 1886 719 1938 et
738 1877 854 1957 linguae
869 1895 963 1958 prope
977 1878 1032 1939 hu·

81 1975 178 2023 manae
195 1962 320 2024 militem
336 1962 434 2023 trahit.
464 1962 544 2023 bunc
563 1970 667 2024 natura
693 1969 722 2023 et
742 1962 874 2024 moribus
898 1963 1031 2023 inmitem
1042 1967 1075 2017 12

81 2041 227 2126 icrurnque
250 2048 372 2124 insuper
394 2044 452 2107 dux
474 2048 537 2126 ipse
553 2046 683 2107 efferavit
701 2046 840 2124 pontibus
856 2065 890 2106 ac
905 2044 1032 2106 molibus

81 2142 113 2186 ex
126 2128 321 2191 humanorum
334 2146 491 2208 corporum
503 2137 584 2191 strue
595 2129 737 2190 iaciendis
754 2136 790 2198 et,
807 2130 885 2207 quod
896 2126 1032 2207 proloqui

81 2210 161 2273 ctiam
177 2216 273 2293 piget,
293 2214 372 2273 vesei
393 2212 566 2292 corporibus
588 2213 723 2273 humanis
746 2211 888 2272 docendo.
923 2211 1073 2271 bisin-13

81 2289 170 2357 landis
185 2304 285 2377 pastos
306 2295 414 2375 epulis,
438 2313 512 2376 quos
527 2296 699 2372 contingere
714 2295 802 2355 etiam
818 2293 900 2355 netas
916 2295 967 2362 sit,
989 2295 1031 2353 vi·

81 2373 146 2438 dere
160 2389 246 2461 atque
264 2379 374 2441 habore
395 2379 530 2440 dominos
550 2386 580 2438 et
601 2396 637 2437 ex
650 2377 748 2438 Atrion
768 2383 799 2436 et
820 2394 836 2437 a
855 2376 1031 2455 Cartbagine

80 2458 139 2523 bura
152 2472 255 2543 petere
272 2471 303 2525 et
317 2462 429 2525 Italiam
444 2462 637 2524 Numidarum
651 2478 686 2521 ac
700 2461 870 2521 Maurorum
886 2461 946 2539 pati
961 2478 1030 2539 pro-

82 2544 295 2617 vinciensem,
313 2548 360 2607 oui
374 2565 448 2616 non,
465 2547 564 2623 genito
584 2543 672 2604 modo
692 2545 724 2603 iu
737 2542 833 2613 Italia,
859 2542 1031 2604 detestabile

80 2627 131 2688 sitl
144 2631 299 2708 pulchrum
316 2630 385 2699 erit,
402 2629 556 2709 Campani,
579 2626 749 2706 prolapsum
764 2625 846 2687 clade
863 2626 1027 2687 Romanum
1040 2633 1072 2683 14
1156 2634 1157 2637 ’

79 2708 230 2789 imperium
246 2723 342 2776 rostra
356 2713 429 2784 dde,
452 2713 556 2774 vestris
569 2710 679 2771 viribus
697 2717 844 2772 retentum
859 2727 892 2773 ac
907 2728 1031 2789 recupe-

80 2802 171 2859 ratum
186 2815 260 2861 esse.
290 2798 410 2877 triginta
424 2795 503 2858 mitia
518 2795 663 2875 peditum,
685 2801 821 2874 quattuor
837 2796 968 2873 equiturn
983 2813 1029 2855 ar·
1041 2799 1070 2849 lt

79 2871 169 2940 bitror
190 2898 225 2943 ex
244 2881 401 2961 Campania
422 2879 513 2942 scribi
534 2896 636 2958 posse3
665 2879 723 2939 iarn
744 2881 886 2958 pecuniae
909 2878 1028 2939 adfatim

81 2966 121 3019 est
132 2961 339 3044 frumentique.
370 2965 396 3026 si
411 2981 512 3043 parem
525 2964 660 3025 fortunae
676 2970 788 3024 vestrae
803 2962 890 3024 iidem
906 2961 1028 3029 habetis,

80 3055 132 3103 nec
144 3045 289 3109 Hannibal
310 3066 342 3111 se
361 3048 464 3110 vicisse
478 3049 586 3109 sentiet
607 3063 662 3106 nec
677 3046 802 3107 Romani
824 3048 917 3106 victos
935 3053 1030 3104 esse.“

80 3158 84 3164 ·
135 3127 181 3189 Vl.
209 3129 270 3193 llac
283 3133 415 3193 oratioue
436 3130 564 3193 consulis
575 3129 702 3190 dimissis
715 3128 966 3205 redeuntibusque
979 3126 1030 3188 do·
1043 3133 1057 3184 t

79 3225 155 3271 mum
167 3211 271 3290 legatis
285 3233 361 3277 unus
375 3234 412 3277 ex
421 3214 468 3276 his
483 3214 583 3276 Vibius
594 3212 706 3273 Virrius
721 3220 836 3292 tempus
849 3213 964 3273 venisse
980 3212 1028 3279 ait,

79 3307 133 3368 quo
146 3294 284 3375 &noant
298 3317 357 3360 uon
371 3317 475 3377 agrum
491 3297 585 3360 solum
601 3296 637 3357 ab
652 3296 792 3357 Romanis
807 3295 955 3377 quondam
974 3313 1030 3374 per

77 3372 211 3439 iniuriam
227 3382 394 3461 ademptum
408 3400 601 3462 recuperare,
621 3379 673 3442 sed
692 3382 817 3460 irnperio
828 3381 914 3442 etiam
929 3379 1030 3440 ltaliae

78 3461 164 3533 potiri
181 3467 301 3540 possint.
339 3466 442 3528 foedus
459 3467 537 3528 enim
561 3485 628 3528 cum
642 3462 807 3528 Hannibale
821 3464 927 3545 quibus
940 3460 1058 3525 velintt

757 3550 822 3615 21*
