2350 3922
148 220 212 285 294
316 242 410 282 umen
424 242 501 283 ma.
518 241 587 283 cur.
602 229 645 282 36.
659 229 704 281 37.
723 218 765 300 [a.
781 243 811 282 u.
828 243 853 283 o.
868 222 929 300 538]

149 391 238 468 legati
253 407 268 449 a
282 389 387 449 Paesto
398 396 518 467 pateras
529 407 633 451 aureas
644 388 768 450 Romam
780 389 954 451 adtulerunt.
979 389 1011 448 iis
1021 387 1085 449 siem

149 472 348 551 Neapolitanis
363 475 474 551 gratiae
489 480 586 541 aetae;
603 488 707 533 aurum
723 490 783 533 non
798 481 958 552 acceptum.

119 566 130 614 1
211 555 350 618 XXXVII.
387 556 444 616 Per
465 557 583 618 eosdem
603 557 668 617 dies
693 556 730 616 ab
751 556 880 617 Hierone
904 556 1000 617 classis
1018 554 1086 616 Ostia

118 652 216 701 acum
231 657 338 718 magno
358 648 523 702 commeatu
542 641 676 702 accessit.
706 640 797 718 legati
816 643 847 700 in
862 646 994 701 senatum
1007 640 1085 698 iutro·

148 724 228 784 ducti
242 726 344 784 nuntia
362 731 416 784 unt
431 724 551 785 caedem
566 725 596 785 C.
613 723 739 785 Flamini
755 721 883 785 consulis
903 725 1086 801 exercitusque

149 807 275 868 adlatam
290 743 469 903 adedaegre
484 808 588 869 tulisse
600 825 702 886 regem
716 807 894 883 Hieronem,
913 805 1032 868 utnulla
1046 822 1086 865 sua

117 900 134 951 3
148 894 270 971 propria
284 893 428 970 regnique
443 893 489 952 sni
503 891 587 952 clade
601 894 713 952 moveri
729 893 823 970 magis
840 894 977 970 potuerit.
1006 892 1087 968 itaquo

149 993 325 1055 quamquam
341 975 436 1053 probe
456 977 529 1051 sciat
543 976 773 1054 magnitudinem
793 975 896 1055 populi
910 976 1031 1036 Romani
1047 971 1087 1032 ad·

149 1059 361 1120 mirabiliorem
380 1076 474 1136 prope
499 1060 630 1120 adversis
649 1059 741 1120 rebus
765 1077 852 1139 quam
873 1059 1010 1120 secundis
1029 1074 1088 1123 esse

120 1150 250 1203 ttamen
265 1161 297 1202 se
312 1142 424 1216 omnia,
446 1142 552 1218 quibus
571 1161 589 1203 a
609 1143 695 1204 bonis
715 1142 910 1221 fidelibusque
929 1144 1015 1204 sociis
1028 1138 1089 1201 bella

148 1226 242 1286 iurari
257 1224 384 1299 soleant,
407 1227 538 1295 misisse;
560 1244 636 1306 quae
651 1246 690 1288 ne
705 1229 839 1307 accipere
856 1226 988 1289 abnuant
1001 1240 1088 1301 magno

117 1318 240 1388 tepere
254 1327 287 1369 se
302 1316 403 1388 patres
417 1311 602 1389 conscriptos
623 1329 720 1372 orare.
750 1313 808 1373 iam
830 1313 963 1372 omnium
980 1310 1090 1389 primum

149 1395 255 1453 ominis
277 1411 365 1454 causa
385 1394 542 1454 Victoriam
564 1412 685 1456 auream
705 1395 803 1474 pondo
829 1394 989 1456 ducentum
1012 1411 1044 1452 ac
1059 1391 1089 1448 ri·

148 1478 222 1556 giuti
234 1477 351 1538 adferre
362 1495 442 1538 sese:
457 1480 627 1556 acciperent
639 1496 703 1539 eam
716 1486 914 1558 tenerentque
927 1486 956 1539 et
966 1476 1091 1538 habereut

117 1564 299 1640 epropriam
320 1570 350 1622 et
370 1570 553 1640 perpetuam.
591 1563 741 1624 advexisse
767 1564 853 1622 etiam
877 1569 1009 1623 merente
1028 1557 1089 1619 milia

148 1646 279 1706 modium
295 1647 398 1716 tritici,
421 1646 547 1708 ducenta
540 1646 679 1730 jppdei,
702 1666 741 1707 ne
760 1652 944 1707 commeatus
964 1646 1089 1709 deessent

150 1737 179 1789 et
198 1729 344 1807 quantuni
361 1736 515 1807 praeterea
535 1749 609 1808 opus
624 1738 713 1807 esset,
736 1747 794 1808 quo
817 1731 975 1790 iussissent
988 1726 1090 1789 subrec-

118 1819 241 1877 7turos.
277 1812 371 1873 milite
391 1820 480 1892 atque
501 1817 600 1892 equite
622 1816 699 1875 scire
724 1815 780 1874 uisi
801 1812 937 1874 Romano
957 1811 1091 1884 Latinique

148 1895 277 1954 nominis
297 1914 357 1955 non
382 1900 425 1956 uti
450 1897 591 1976 populum
617 1898 798 1964 Romanum;
823 1896 934 1957 levium
960 1908 1091 1957 armorum
1145 1920 1146 1941 a

118 1976 257 2037 sauxilta
277 1980 364 2038 etiam
388 1985 510 2040 externa
530 1981 636 2040 vidisse
656 1983 688 2042 in
708 1982 811 2042 castris
831 1980 989 2042 Romanis:
1012 1982 1092 2054 itaqu
1144 1944 1147 2119 Ι

148 2062 264 2122 misisse
279 2061 360 2122 mille
375 2065 593 2143 sagittariorum
609 2082 643 2125 ae
658 2065 855 2132 funditorum,
875 2072 976 2143 aptam
991 2074 1092 2123 manum

149 2145 288 2207 adversus
319 2146 448 2208 Baliares
473 2164 507 2207 ac
530 2147 647 2207 Mauros
674 2165 882 2226 pugnacesque
909 2148 983 2208 alias
1007 2139 1093 2206 missili

119 2229 210 2290 etelo
224 2238 337 2307 gentes.
369 2228 404 2289 ad
428 2248 462 2291 ea
483 2230 558 2290 dona
581 2231 735 2293 consilium
756 2250 874 2312 quoque
895 2231 1052 2295 addebant,
1069 2229 1094 2284 ul
1145 2188 1147 2301 l

149 2321 277 2392 praetor,
294 2316 341 2375 cui
357 2316 507 2393 provincia
519 2314 617 2376 Sicilia
629 2318 780 2384 evenisset,
795 2316 920 2376 classem
937 2317 968 2375 in
983 2314 1091 2375 Atrion
1145 2308 1147 2389 ξ

148 2399 296 2468 traiceret,
312 2404 346 2458 ut
361 2406 391 2458 et
406 2398 505 2459 hostes
519 2401 551 2459 in
565 2407 646 2460 terra
657 2417 709 2461 sua
719 2398 828 2459 bellum
840 2398 988 2460 baberent
998 2397 1091 2457 miuus·
1145 2402 1147 2431 ¹

148 2499 205 2560 que
224 2480 382 2543 laxamenti
403 2483 522 2543 daretur
547 2484 585 2542 iis
611 2484 647 2544 ad
673 2483 778 2544 auxilia
804 2482 962 2543 Hannibali
987 2477 1091 2542 submit·

99 2571 132 2622 10
151 2564 248 2626 tenda.
280 2565 317 2626 ab
331 2574 435 2627 senatu
455 2569 495 2627 ita
510 2584 687 2647 responsum
708 2570 771 2646 regi
794 2575 853 2627 est:
884 2569 984 2626 virum
997 2563 1090 2624 bouum

149 2651 358 2728 egregiumque
373 2653 487 2710 socium
499 2650 660 2712 Hieronem
676 2670 748 2721 esse,
766 2660 853 2730 atque
868 2668 928 2710 uno
945 2659 1052 2714 tenore,
1065 2656 1092 2701 ex
1145 2714 1147 2717 v

148 2750 208 2809 quo
230 2736 261 2792 in
283 2735 441 2793 amicitiam
461 2734 563 2813 populi
577 2734 700 2796 Romani
721 2736 848 2808 venerit,
869 2734 960 2794 iidem
982 2729 1090 2792 coluisse

148 2834 183 2875 ac
196 2832 259 2874 rem
271 2816 432 2876 Romanam
442 2819 669 2896 omnitempore
682 2837 715 2879 ac
725 2819 789 2879 loco
800 2819 941 2879 munifice
952 2813 1089 2878 adiuvisse

98 2898 128 2949 11
150 2897 179 2958 id
195 2897 318 2976 perinde
329 2917 363 2958 ae
376 2899 498 2961 deberet
509 2909 625 2978 gratum
638 2902 746 2981 populo
758 2902 890 2964 Romano
903 2918 981 2961 esse.
1003 2906 1090 2957 aurum

151 2990 180 3044 et
194 3000 211 3042 a
226 2976 389 3043 cinelinus
403 2983 578 3060 quibusdam
594 2985 722 3047 adlatum
737 2986 830 3064 gratia
850 2987 895 3045 rei
909 2988 1030 3060 accepta
1042 2989 1089 3037 110ss
1142 3032 1147 3043 .

98 3073 130 3124 12
150 3068 299 3146 accepisse
307 3065 447 3145 populum
455 3067 800 3137 Romanum3Victoriam
808 3065 1088 3146 omenqueaeoipers
1145 3096 1147 3101 v

147 3151 308 3227 sedemque
330 3152 358 3210 ei
378 3170 411 3212 se
430 3151 514 3213 divae
534 3151 725 3235 dqre,diqare
748 3152 936 3231 Capitolium,
964 3143 1089 3225 templum

148 3233 223 3292 lovis
239 3235 342 3311 optimi
357 3236 485 3296 maximi.
516 3230 546 3296 in'
562 3254 596 3297 ea
611 3255 679 3296 arce
694 3235 777 3296 urbis
790 3236 940 3298 Romanae
960 3233 1088 3293 sacratam

149 3314 295 3375 volentem
316 3321 548 3397 propitiumque,
572 3320 687 3380 firmam
708 3338 741 3381 ae
761 3320 894 3381 stabilem
915 3317 981 3377 iore
995 3304 1089 3392 populo

99 3402 132 3485 l³
146 3396 288 3456 Romano.
319 3401 484 3463 funditores
499 3404 703 3481 sagittariique
719 3410 749 3464 et
763 3405 945 3465 frumentum
959 3395 1087 3459 'traditum

98 3488 105 3550 ζ
149 3477 327 3538 consulibus.
343 3485 571 3561 quinqueremes
583 3486 664 3544 ad**
677 3490 793 3548 navium
804 3488 938 3551 classem,
952 3495 1023 3560 ΨΜ
1033 3484 1088 3532 ⁰³¹⁰¹
