2396 3920
138 221 179 282 44
348 233 442 276 uisura
456 233 512 274 vn.
526 231 593 275 car.
609 204 710 292 dofle.
723 234 754 273 u.
771 233 797 272 c.
812 209 874 294 412]

137 385 278 463 signaque
301 357 461 461 agnovere,
493 379 639 460 extemplo
660 377 797 441 omnibus
816 381 960 442 memoria
979 383 1096 461 patriae

104 470 195 529 airas
210 466 375 547 permulsit.
416 462 547 526 nondum
567 470 652 526 erant
671 471 731 524 tam
749 463 841 525 lortes
863 464 901 525 ad
924 467 1098 544 sanguinem

136 550 265 621 civilem,
292 568 347 611 nec
368 556 489 629 praeter
511 555 633 610 externa
654 554 796 609 noverant
816 546 906 620 bella,
936 547 1098 631 ultimaque

136 634 233 697 rabies
247 635 375 696 secessio
391 631 428 694 ab
443 633 504 695 suis
517 631 698 694 habebatur:
720 633 819 711 itaque
834 633 892 693 iam
908 631 1012 705 duces,
1037 636 1097 696 iam
1192 652 1194 661 ’

105 725 121 777 3
136 718 245 780 milites
256 719 405 798 utrimque
415 734 591 796 congressus
606 734 750 796 quaerere
766 715 803 777 ad
818 715 988 797 conloquia,
1005 718 1098 790 Quin·
1193 760 1194 776 .

136 805 226 872 cdus,
247 819 336 883 quent
357 818 508 863 armorum
532 801 620 862 etiam
642 817 697 880 pro
717 800 810 880 patria
832 801 951 862 satietas
971 809 1097 877 teneret,
1193 854 1194 863 ,

135 885 245 948 nedum
260 885 399 947 adversus
418 886 559 964 patriam,
583 884 738 955 Coruinus,
761 900 864 944 omnes
880 886 1003 947 caritate
1019 887 1100 948 cives
1193 926 1194 963 3

135 971 294 1051 praecipue
307 968 416 1031 milites
431 977 461 1031 et
476 977 544 1030 ante
560 967 632 1031 alios
645 986 731 1030 sunm
748 969 910 1029 exercitum
924 968 1096 1049 conplexus.

103 1059 160 1117 tir
179 1053 215 1115 ad
237 1053 425 1134 conloquium
450 1054 604 1133 processit.
646 1052 763 1130 cognito
790 1053 818 1112 ei
844 1051 991 1133 externplo
1017 1053 1097 1115 hand

135 1141 250 1199 minore
265 1138 301 1200 ab
317 1137 492 1199 adversariis
507 1136 685 1199 uerecundia
707 1154 795 1216 quarn
817 1134 853 1196 ab
869 1137 930 1197 suis
947 1135 1097 1200 silentium

136 1223 244 1284 datum.
282 1221 409 1294 „deos“
426 1221 522 1301 inquit
541 1218 753 1293 „inmortales
770 1219 893 1290 milites,
916 1227 1027 1282 vestros
1042 1241 1095 1302 pu-

135 1306 229 1368 blicos
252 1324 392 1385 meosque
406 1304 444 1366 ab
465 1304 540 1366 urbe
559 1305 750 1385 proficiscens
765 1305 805 1364 ita
828 1303 946 1365 adoravi
966 1307 1095 1366 veniam·

134 1410 190 1472 que
205 1389 329 1470 supplex
342 1391 480 1473 poposci,
495 1397 528 1450 nt
549 1389 621 1450 milri
641 1388 678 1449 de
696 1387 780 1448 voltis
802 1387 979 1453 concordiae
992 1397 1098 1468 partae

101 1475 270 1554 tgloriam,
300 1492 359 1534 non
379 1475 532 1535 victoriam
552 1474 666 1534 darent.
693 1470 837 1533 satisfuit
863 1473 994 1552 eritque,
1016 1473 1097 1535 unde
1193 1514 1194 1537 t

133 1559 204 1621 belli
223 1557 313 1621 decus
340 1559 486 1639 pariatur:
518 1558 588 1618 hinc
611 1550 815 1636 pax'petcnda
836 1563 890 1618 eet.
924 1556 1002 1637 quod
1025 1557 1097 1618 deos
1193 1542 1194 1627 J

101 1649 119 1700 t
133 1642 304 1704 inmortales
318 1645 397 1703 inter
411 1640 611 1724 nuncupanda
619 1647 686 1701 vota
701 1640 874 1719 expoposci,
890 1641 953 1702 eius
963 1659 1012 1701 me
1025 1659 1094 1701 con·
1193 1656 1194 1659 ’

134 1734 234 1804 potem
245 1727 304 1786 voti
318 1744 369 1786 vos
380 1724 479 1785 lacere
493 1725 623 1804 potestis,
638 1724 664 1784 si
679 1724 847 1784 meminisse
862 1722 955 1795 vultis,
974 1742 1034 1785 non
1046 1742 1096 1785 vos

133 1812 165 1869 in
181 1809 301 1870 Samnio
317 1826 373 1868 nec
386 1807 416 1867 in
437 1807 564 1878 Volscis,
588 1807 641 1869 sed
659 1807 691 1867 in
705 1806 840 1869 Romano
855 1805 919 1869 solo
932 1815 1030 1870 castra
1043 1809 1096 1870 lia·

133 1892 221 1963 bere,
245 1893 269 1952 si
290 1890 356 1953 illos
372 1890 477 1962 colles,
499 1892 726 1969 quoscernitis,
747 1893 861 1972 patriae
882 1901 996 1954 vestrae
1022 1910 1096 1963 esse,

135 1979 160 2036 si
189 1976 270 2038 hunc
298 1976 461 2037 exercitum
490 1977 596 2039 civium
617 1981 797 2047 vestrorum,
827 1976 852 2037 si
874 1995 921 2038 me
943 1975 1097 2039 consulem
1193 2038 1194 2062 χ

132 2067 277 2130 vestrum,
292 2060 376 2121 cuius
391 2058 481 2122 ductu
494 2061 683 2141 auspicioque
694 2061 796 2140 priore
810 2077 889 2121 anno
904 2059 950 2121 bis
964 2059 1098 2139 legiones
1193 2124 1194 2129 ,

102 2152 117 2200 't
134 2145 309 2206 Samnitium
324 2143 456 2213 iudistis,
472 2143 519 2205 his
535 2152 632 2206 castra
647 2145 674 2204 vi
690 2145 819 2224 cepistis.
836 2161 891 2222 ego
906 2163 971 2206 sum
985 2144 1024 2206 ll.
1040 2143 1097 2204 Va·
1193 2140 1194 2145 ’

132 2229 224 2290 lenius
247 2227 522 2298 Corrus„militca,
548 2229 631 2301 cuius
657 2247 709 2290 vos
735 2226 918 2289 nobilitatem
944 2227 1100 2289 benellciis
1193 2280 1194 2293 .

133 2328 204 2389 erga
225 2330 290 2382 vos,
313 2329 373 2373 non
394 2312 510 2373 iniuriis
528 2313 674 2383 sensistis,
700 2311 808 2373 nullius
832 2311 978 2392 superbae
998 2314 1031 2372 in
1045 2331 1098 2374 vos
1193 2314 1194 2393 g

132 2397 223 2474 legis,
239 2394 347 2457 nullius
362 2395 490 2457 crudelis
500 2404 619 2458 senatus
634 2396 760 2458 consulti
776 2404 895 2468 auctor,
911 2399 943 2456 in
957 2395 1099 2458 omnibus
1193 2456 1194 2487 r

102 2487 118 2537 8
133 2481 208 2542 meis
226 2481 359 2560 imperiis
373 2481 404 2541 in
422 2498 471 2540 me
493 2482 624 2543 severior
644 2499 732 2560 quarn
752 2480 781 2541 in
796 2499 857 2541 vos.
892 2498 927 2541 ac
942 2481 1029 2542 sicui
1045 2500 1097 2559 ge·
1193 2546 1194 2559 ,

132 2583 203 2634 nus,
221 2566 247 2628 si
261 2565 309 2625 cni
323 2583 376 2626 sua
390 2565 498 2636 virtus,
520 2566 546 2626 si
562 2567 609 2627 cui
625 2567 713 2627 etiarn
730 2566 880 2636 maiestas,
898 2567 924 2626 si
939 2566 987 2626 cui
1001 2565 1098 2627 hono·
1193 2562 1194 2567 ’

132 2664 181 2710 res
194 2648 323 2710 subdere
334 2649 457 2728 spiritus
466 2656 641 2728 potuerunt,
653 2650 679 2710 is
690 2666 771 2710 eram
784 2654 884 2720 natus,
900 2649 929 2709 id
944 2651 1099 2728 specimen

132 2733 192 2792 mei
209 2731 366 2803 dederam,
382 2751 417 2793 ea
431 2740 526 2795 aetate
540 2732 723 2795 consulatum
740 2733 864 2813 adeptus
880 2751 976 2804 eram,
993 2741 1025 2794 ut
1040 2752 1099 2814 po·
1193 2790 1194 2807 ,

131 2817 240 2876 tuerim
254 2816 309 2876 tris
328 2821 358 2876 et
378 2816 481 2893 viginti
496 2834 590 2878 annos
609 2823 695 2878 natus
712 2817 815 2879 consul
830 2816 963 2897 patribus
978 2836 1099 2897 quoque

99 2904 117 2957 9
132 2899 216 2959 lerox
227 2915 306 2969 esse,
321 2916 381 2960 non
392 2897 487 2960 solum
500 2899 588 2980 plebi.
618 2902 697 2981 quod
710 2918 809 2963 meum
825 2902 935 2963 iactum
949 2901 1100 2962 dictumve

133 2981 263 3045 consulis
282 2983 400 3060 grauius
427 3001 514 3062 quam
534 2985 649 3047 tribuni
677 2985 816 3047 audistisl
858 2984 963 3051 eodem
992 2994 1100 3052 tenore

133 3067 191 3129 duo
209 3069 400 3147 insequentes
413 3067 582 3131 consulatus
597 3071 690 3149 gessi,
713 3069 819 3132 eodem
841 3070 915 3131 haec
934 3071 1101 3148 imperiosa

131 3152 275 3214 dictatura
290 3158 404 3230 geretur
434 3148 501 3234 .[ut]
516 3171 611 3233 neque
625 3155 656 3215 in
668 3154 723 3215 hos
735 3171 820 3215 meos
837 3161 866 3215 et
880 3154 993 3233 patriae
1010 3171 1101 3214 meae

131 3233 240 3296 milites
262 3238 321 3297 erit
339 3235 440 3315 mitior
460 3255 547 3316 quam
564 3240 597 3299 in
617 3256 668 3300 vos
683 3271 727 3285 -
742 3237 853 3301 horreo
869 3237 969 3299 dicere
984 3270 1022 3283 -
1036 3237 1100 3305 ,ho-

90 3324 122 3376 10
132 3319 193 3378 stis.
235 3336 306 3396 ergo
327 3338 380 3382 vos
400 3322 486 3400 prius
505 3323 536 3382 in
559 3341 607 3383 me
628 3323 808 3384 strinxeritis
828 3324 942 3384 ferrum
959 3339 1048 3401 quam
1066 3322 1101 3382 in

131 3419 183 3463 ros
198 3419 267 3479 ego:
282 3403 370 3463 istinc
386 3406 470 3482 signa
488 3415 608 3478 canent,
631 3407 720 3468 istinc
740 3405 854 3469 clamor
874 3406 958 3486 prius
972 3403 1103 3484 incipiet
1128 3420 1134 3427 ’

91 3491 120 3542 11
131 3491 219 3565 atque
238 3486 381 3565 impetus,
403 3488 429 3547 si
445 3488 646 3552 dimicandum
669 3497 722 3552 est.
759 3490 889 3552 inducite
905 3491 936 3550 in
953 3490 1100 3558 animum,
