2280 3926
285 232 377 274 nmen
391 235 421 274 x.
435 232 505 275 oar.
522 221 546 274 7,
561 220 587 272 8.
604 210 642 309 [a.
660 213 694 275 G.
710 212 772 294 300]
940 218 1000 280 155

69 377 234 448 meanderit,
251 379 348 439 isnon
356 379 550 453 conspicietur
564 395 631 438 cum
642 377 742 456 capide
753 394 787 437 ac
801 376 889 448 lituo,
907 379 1001 456 capite

68 459 150 520 relato
164 460 307 521 victimam
322 459 424 520 caedet
438 461 624 538 auguriumve
639 477 674 519 ex
691 477 758 519 arce
773 461 884 537 capietl
916 462 998 521 cuius
1010 465 1038 517 lt

66 544 190 619 imaginis
202 541 285 603 titulo
302 540 467 603 consulatus
481 559 661 621 censuraque
677 549 706 602 et
729 543 893 621 triumphus
907 560 1000 621 aequo

8 632 11 699 ξ
65 626 152 685 animo
167 623 294 703 legebar,
315 626 340 686 sl
354 632 526 704 auguratum
543 632 594 686 aut
610 626 808 704 pontificatum
826 623 998 694 adieceritis,

9 718 11 723 ·
65 709 112 785 qui
126 708 309 768 seutincbunt
334 706 492 785 legentium
509 706 601 768 oculil
633 706 766 786 equidem
779 740 817 752 -
832 724 904 785 pace
919 706 966 787 dig
966 724 997 784 p·
1010 716 1039 767 it

64 792 113 849 rim
131 790 217 852 deum
233 823 276 862 ἡ
293 808 343 850 eos
364 807 418 851 nos
436 791 493 850 iam
514 788 614 869 populi
628 789 751 851 Romani
771 787 912 848 beneflcio
935 805 998 848 essa

64 888 155 949 spero,
181 870 233 951 qui
258 871 429 934 sacerdotiis
453 889 513 933 non
535 873 632 933 minus
657 871 813 933 reddamus
833 871 999 950 dignatione

65 962 153 1015 nostra
165 955 302 1025 honoris,
316 972 401 1034 quam
413 957 626 1034 acceperimus,
631 954 1000 1039 Qummffliiffliss

9 1062 10 1065 ¹
65 1044 120 1096 nost
174 1055 262 1098 causa
276 1055 312 1097 cx
334 1044 459 1108 etamus,
481 1044 527 1109 ut,
570 1056 623 1099 uos
659 1038 732 1098 rirat
823 1035 841 1095 l'
939 1113 943 1119 ἱ
988 1066 1000 1081 ·

90 1119 129 1179 'ce
144 1137 205 1180 coa
239 1127 307 1181 us.“
545 1147 550 1157 ¹

177 1247 185 1262 .
212 1248 230 1273 „
265 1201 315 1263 uid
327 1209 423 1262 autem
435 1220 488 1280 ego
499 1204 542 1262 sic
552 1201 647 1264 adbuc
658 1204 875 1282 egi,tamquam
886 1203 1027 1279 integral

9 1346 10 1349 Ἴ
63 1282 95 1341 sit
112 1301 196 1346 causa
215 1285 408 1363 patriciorum
431 1284 468 1345 de
487 1284 655 1347 sacerdotiis
675 1293 703 1343 ct
723 1302 783 1344 non
801 1287 860 1346 iam
884 1287 915 1345 in
933 1300 1001 1363 pos·

9 1406 11 1413 γ
64 1367 179 1428 susiane
204 1368 294 1428 unius
315 1365 484 1445 amplissimi
501 1368 592 1438 simus
611 1366 783 1427 sacerdotiil
818 1367 1023 1429 decemviroru

10 1472 11 1477 ¹
64 1450 142 1508 moris
164 1449 322 1519 iaciendis,
352 1451 514 1511 carminum
540 1447 664 1526 Sibyllae
691 1465 725 1509 ao
748 1448 875 1508 latorum
899 1448 1000 1526 populi

9 1538 11 1541 ’
64 1526 139 1591 huius
152 1533 347 1611 interpretes,
369 1533 511 1592 antistites
528 1529 645 1591 eosdem
656 1527 829 1609 Apollinaris
848 1531 924 1589 sacri
935 1547 1000 1589 cae·

9 1660 10 1665 ,
64 1612 303 1693 rimoniarumque
323 1614 443 1674 aliarum
466 1612 596 1693 plebeios
616 1611 755 1672 videmus.
791 1629 846 1671 nec
867 1617 916 1671 aut
938 1619 1028 1672 tunna

9 1706 11 1711 ’
63 1696 181 1769 patriciis
194 1695 257 1758 ulla
270 1697 376 1757 iniuria
392 1696 467 1756 iacta
482 1703 539 1766 est,
555 1713 622 1757 cum
635 1694 762 1756 duoviris
775 1695 866 1755 sacris
889 1693 999 1754 iaciun-

9 1780 11 1855 ξ
65 1773 237 1839 diradiectus
254 1785 299 1839 est
318 1785 440 1858 propter
453 1777 584 1857 plebeios
598 1795 751 1848 numerus,
772 1785 802 1838 et
815 1795 894 1837 nunc
907 1776 1000 1836 tribu·

9 1868 11 1905 ἐ
64 1872 122 1929 mu,
142 1863 184 1921 vir
198 1862 286 1922 fortis
298 1879 332 1921 ao
348 1869 498 1931 strennus,
522 1861 649 1945 quinque
663 1877 805 1938 augurum
819 1858 896 1930 loca,
918 1868 1000 1938 quat·

9 1954 10 1957 ’
66 1956 121 2001 uor
133 1944 305 2021 pontificum
320 1942 440 2014 adiecit,
460 1945 492 2002 in
516 1960 591 2021 qnae
605 1942 702 2022 plebei
718 1944 919 2014 nominentur,
941 1953 1029 2003 nont

9 2072 11 2083 ς
64 2028 167 2095 utros,
192 2027 285 2105 Appi,
310 2033 407 2085 restro
431 2024 495 2086 loco
513 2024 634 2105 pellant,
660 2025 712 2086 scd
727 2033 761 2086 ut
786 2026 923 2087 adiuvent
950 2043 1001 2085 vos

10 2124 11 2127 ¹
62 2099 183 2168 homines
205 2107 306 2188 plebei
326 2107 429 2167 divinis
449 2125 564 2188 qnoque
587 2108 674 2169 rebus
698 2107 903 2185 procurandis,
927 2109 1002 2166 siout

62 2184 208 2250 moetoris
230 2191 369 2252 humanis
388 2208 443 2269 pro
463 2198 547 2270 parte
568 2190 643 2251 virili
665 2191 809 2253 adiuvant.
853 2188 914 2249 noli
934 2198 1028 2249 eru-b

63 2262 187 2343 bescere,
210 2273 302 2351 Appi,
324 2271 464 2350 collegam
483 2273 698 2334 ln'sacerdotio
717 2272 839 2340 habere,
861 2287 947 2348 quem
968 2271 998 2330 in
1102 2296 1106 2303 ¹

64 2364 184 2423 censura,
201 2356 332 2435 quemin
342 2353 494 2416 consulatu
506 2354 646 2431 collegam
657 2354 903 2432 baberepotuisti,
919 2354 1001 2414 cuins

63 2434 113 2492 mm
136 2435 288 2497 dictatoris
308 2438 446 2517 magister
466 2439 595 2517 equitum
613 2454 701 2516 mam
724 2436 856 2513 magistri
869 2437 999 2515 equitum

63 2510 175 2578 dictator
194 2536 259 2579 esse
272 2525 364 2597 potes.
389 2518 528 2579 Sabirmm
545 2519 699 2589 advenam,
717 2520 880 2596 prinoipem
894 2517 1027 2581 nobili-d

63 2597 108 2654 tati
119 2607 247 2672 rosnae,
270 2618 322 2662 seu
337 2600 447 2661 Attium
461 2599 596 2662 Clausum
616 2617 667 2660 seu
684 2602 758 2678 App.
771 2598 921 2661 Claudium
937 2616 998 2659 rna-

62 2675 153 2751 tultis,
174 2682 217 2742 illi
232 2684 345 2762 antiqui
357 2684 472 2761 patricii
489 2684 519 2742 in
539 2699 624 2742 suum
637 2697 792 2742 numerum
808 2689 998 2760 acceperunt:

64 2760 265 2836 ueimndieris,
278 2782 332 2828 nos
341 2767 373 2825 in
384 2766 566 2826 sacerdotum
578 2781 732 2826 numerum
743 2765 887 2844 accipere.
909 2763 1026 2827 multer
1129 2796 1130 2807 2

64 2839 205 2907 nobuonn
216 2846 323 2907 decora
334 2846 506 2918 adiecimus,
524 2849 613 2909 immo
624 2849 721 2910 omnia
732 2847 849 2917 eadem,
865 2865 939 2928 quae
951 2865 1001 2908 vos

65 2927 196 3003 superbos
208 2930 355 2990 iecerunt:
377 2929 409 2991 In
427 2930 541 2992 Sextius
562 2932 674 3009 primus
688 2932 724 2992 de
738 2930 824 3010 plebe
841 2931 943 2992 consul
958 2937 1029 2990 ests
1129 2962 1130 2965 =

65 2998 161 3079 notu,
187 3010 219 3071 G.
240 3012 367 3073 Licinius
387 3012 467 3074 Stolo
492 3015 604 3092 primus
629 3016 768 3092 magister
794 3016 937 3092 equitum,
967 3012 998 3072 C.

65 3079 179 3151 Mucius
194 3091 308 3154 Rutilus
320 3096 432 3173 primus
448 3103 477 3155 et
492 3096 614 3156 dictator
628 3102 657 3155 et
672 3113 790 3167 censor,
812 3095 846 3164 Q.
860 3092 1000 3154 Publilius
1129 3136 1130 3153 ἶ

63 3161 139 3228 Philo
160 3175 272 3252 primns
296 3176 421 3256 praetor.
460 3195 576 3257 semper
599 3178 654 3237 ista
679 3177 775 3237 audita
801 3184 869 3252 sunt
889 3175 1028 3243 eademne
1129 3216 1130 3219 ,

66 3261 149 3323 penes
166 3273 218 3316 ros
240 3261 367 3337 auspicia
388 3277 465 3331 esse,
488 3278 539 3320 vos
562 3259 639 3319 solos
660 3266 776 3338 gentem
796 3256 923 3328 habere,
948 3276 998 3318 vos

66 3327 262 3401 mles-nutum
288 3343 443 3420 imperium
469 3349 497 3402 et
522 3342 681 3422 auspicium
707 3341 787 3402 domi
805 3339 997 3423 militiaeque:
1129 3396 1130 3405 ,

68 3422 150 3491 teque
163 3419 255 3482 adhuc
267 3442 442 3504 prosperum
454 3423 599 3505 plebeium
616 3432 645 3487 et
656 3425 810 3504 patricium
826 3419 996 3505 luit'porro·
1008 3429 1036 3481 lt
