2290 3920
238 218 333 261 amun
348 220 413 262 111.
426 218 494 261 oar.
510 204 554 260 50.
574 205 617 256 51.
634 206 678 257 52.
703 197 742 280 [a.
757 201 792 261 O.
805 197 867 280 218]
967 203 1030 265 247
1135 276 1136 279 ¹

73 365 142 429 eolis
157 367 304 446 sociisque
319 364 470 429 navalibus
484 367 575 443 gratis
590 365 807 444 praebiturum:
824 365 936 444 grande
950 367 1029 444 peri·
1135 410 1136 419 ,

74 449 168 513 culum
182 449 323 528 Lilybaeo
343 451 565 530 maritumisque
585 449 750 513 civitatibus
764 467 843 519 osse,
861 456 891 510 et
907 448 1027 530 quibus·

72 534 137 595 dam
157 532 324 595 volentibus
344 551 435 597 novas
461 552 510 594 res
534 534 607 595 iore.
647 532 686 594 ob
715 533 790 594 haec
813 532 926 597 consuli
955 533 1068 594 nibilll

70 616 267 679 onucmudnm
293 619 402 687 visum,
432 618 504 696 quin
530 616 700 696 Lilybaeum
729 615 820 681 classo
845 623 969 696 pateret.
999 624 1028 679 et
1135 614 1136 621 ’

8 726 10 757 J
73 718 121 761 ror
134 702 276 780 regioque
291 701 392 763 classis
406 718 464 762 una
478 701 613 780 proiecti.
644 702 814 777 navigantes
830 699 900 763 inde
915 717 1027 778 pugna·
1135 726 1136 765 1

8 824 9 831 ,
70 791 130 845 tum
146 785 182 846 ad
197 784 371 864 lilybaeum
384 783 522 863 lusasque
535 792 565 844 et
581 793 682 862 captas
696 785 824 845 bostium
840 800 929 843 naves
944 801 1027 844 acce·

8 874 9 887 ²
71 885 147 944 perc.
187 867 237 933 Ll,
268 866 449 946 Abilybaeo
470 867 573 930 consul
594 868 724 929 Hierone
747 886 814 928 eum
836 866 928 928 classe
947 869 1054 945 regial
1135 864 1136 923 ἶ

71 950 188 1013 dimisso
198 950 364 1031 relictoque
379 959 516 1029 praetore
530 950 567 1012 ad
579 952 719 1015 tuendam
736 950 852 1013 Siciliae
866 954 949 1012 oram
963 952 1027 1029 ipse

72 1034 240 1097 ininsularn
261 1034 408 1105 Melitam,
432 1053 538 1114 quaea
555 1034 843 1114 Carthaginiensibus
860 1033 1024 1104 tenebatur,

8 1154 9 1157 =
73 1120 190 1179 traiecit.
232 1119 404 1181 ,advenienti
427 1117 576 1180 Hamilcar
598 1121 735 1199 Gisgonis
758 1119 835 1180 tilius
860 1119 1055 1198 praefectura

69 1202 204 1277 praesidii
215 1218 291 1269 cnm
305 1201 392 1282 paulo
409 1204 507 1265 minus
527 1203 647 1265 duobus.
659 1203 782 1265 mitibus
798 1202 924 1264 militum
943 1206 1026 1283 oppi-

8 1364 10 1367 .
70 1281 194 1364 dumque
210 1305 281 1349 eum
295 1284 394 1347 insula
407 1286 543 1346 traditur.
580 1286 649 1347 inde
662 1296 730 1365 post
745 1305 854 1365 paucos
870 1287 933 1348 dies
947 1287 1025 1349 redi·

8 1372 10 1451 J
72 1373 130 1428 tum
149 1368 338 1449 Lilybaeum,
371 1370 535 1449 captivique
561 1379 590 1430 et
619 1369 777 1437 aconsule
798 1377 827 1431 et
849 1389 866 1432 a
887 1378 1026 1450 praetore
1135 1428 1136 1435 ,

71 1459 183 1526 praeter
200 1455 334 1532 insignes
363 1452 517 1514 nobilitate
541 1454 619 1513 viros
644 1452 699 1514 sub
732 1471 842 1514 corona
863 1456 1025 1516 venierunt.

73 1541 219 1614 postquam
239 1537 278 1598 ab
300 1555 335 1599 ea
355 1543 440 1616 parte
459 1537 530 1597 satis
543 1543 635 1599 tutam
652 1534 781 1597 Siciliam
803 1536 941 1597 censebat
956 1543 1055 1598 con-3
1135 1572 1136 1577 κ

70 1615 126 1686 aul,
139 1619 175 1679 od
188 1620 303 1685 insulas
315 1619 450 1691 Vulcani,
473 1621 540 1699 quia
553 1619 629 1680 lama
647 1628 711 1683 erat
729 1628 808 1681 stare
828 1617 870 1681 ibi
885 1619 1025 1681 Punicam

72 1698 207 1774 slaswm,
219 1705 350 1772 traiecit;
367 1722 423 1763 uec
435 1706 591 1784 quisquam
611 1703 740 1767 hostium
755 1704 834 1763 cirea
852 1721 901 1764 eas
915 1702 1026 1764 insulas

9 1842 11 1847 .
72 1782 209 1851 inventus.
244 1790 306 1853 iam
329 1785 406 1849 forte
429 1789 654 1853 transmiserant
678 1787 713 1848 ad
737 1786 907 1848 vastandam
926 1785 1053 1849 ltaliael

8 1908 9 1911 ,
69 1882 166 1939 cram,
184 1870 421 1952 depopulatoque
435 1870 606 1933 Viboniensi
622 1889 693 1950 agro
706 1871 812 1932 urbem
829 1872 916 1933 etiam
931 1878 1025 1932 terro·
1135 1894 1136 1897 ¹

75 1943 146 2013 beot.
179 1957 329 2034 repetenti
355 1953 483 2017 Siciliam
516 1954 629 2016 consuli
656 1957 809 2017 exscensio
842 1956 970 2017 hostium
993 1956 1052 2015 inc
1135 2026 1136 2029 Ἴ

71 2048 169 2108 ogram
182 2038 393 2101 Viboniensem
408 2037 484 2099 lacta
500 2040 664 2109 nuntiatur,
680 2039 854 2119 litteraeque
870 2039 906 2099 ab
921 2047 1025 2100 senatu

9 2144 10 2147 ¹
70 2113 107 2175 dc
120 2123 244 2185 boumn
255 2124 287 2183 iu
298 2121 410 2187 ltaliam
425 2122 610 2194 Hannibalis,
629 2130 659 2183 et
669 2131 702 2183 ut
712 2125 809 2202 primo
822 2139 938 2201 qnoque
949 2129 1024 2181 tem·

8 2210 9 2213 ’
73 2213 140 2273 pore
160 2205 301 2283 conlegae
318 2205 411 2266 lerret
431 2204 584 2277 auxillum,
603 2207 710 2267 missae
730 2206 895 2266 traduntur.
925 2202 1053 2266 multiso

8 2362 9 2365 Ἴ
73 2280 154 2345 simul
168 2291 273 2351 anxius
287 2290 366 2349 curis
380 2290 541 2351 exercitum
554 2289 700 2366 extemplo
714 2291 745 2349 iu
762 2305 849 2350 naves
863 2288 1024 2366 inpositum
1135 2312 1136 2339 1

73 2363 229 2433 Ariminum
245 2373 321 2433 mari
336 2390 444 2450 supero
459 2372 552 2441 misit,
567 2373 656 2432 Serto
669 2372 832 2451 Pomponio
847 2370 943 2448 legato
957 2389 1023 2432 cum

75 2446 314 2541 vigintiquinque
336 2454 431 2532 longis
451 2454 573 2515 navibus
591 2454 798 2517 Viboniensem
814 2471 919 2532 agrum
934 2456 1023 2515 mari·
1135 2464 1136 2475 ¹

74 2532 225 2615 limamque
253 2557 336 2600 oram
364 2537 463 2599 ltaliae
490 2537 630 2597 tuendam
655 2538 809 2607 adtribuit,
838 2538 876 2597 ll.
900 2537 1023 2599 Aemilio

76 2622 196 2685 praetori
208 2622 420 2702 quinquaginta
434 2620 551 2681 navium
567 2619 690 2681 classem
709 2619 843 2700 explerit.
873 2621 938 2699 ipse
954 2628 1052 2680 con-7

75 2699 168 2768 positis
183 2704 301 2767 Siciliae
322 2704 413 2765 rebus
434 2704 536 2767 decem
558 2703 680 2765 naribus
701 2722 784 2767 oram
798 2702 898 2765 ltaliae
922 2703 1025 2783 legens
1135 2770 1136 2783 q

76 2776 229 2851 Ariminum
245 2789 389 2867 pervenit.
420 2786 490 2849 inde
509 2805 575 2849 com
598 2788 729 2850 exercitu
750 2806 803 2849 suo
820 2789 971 2867 prolectas
988 2787 1025 2849 ad
1135 2800 1136 2845 3

75 2854 204 2932 Trebiam
217 2873 330 2933 llumen
346 2870 488 2949 conlegae
504 2873 702 2950 coniungitur.

94 3024 99 3036 Ι
131 2946 188 3013 Lll.
216 2955 278 3016 lam
298 2954 384 3016 ambo
402 2954 537 3025 consules
556 2963 586 3017 et
601 2955 742 3036 quidquid
760 2957 960 3019 Romanarum
980 2956 1047 3015 vi·l
1135 2972 1136 3041 }

77 3037 146 3090 ‘lum
159 3046 221 3103 erat
230 3037 387 3103 Hannibali
397 3040 565 3117 oppositum
576 3039 798 3119 antilliscopiis
808 3039 927 3102 delendi
937 3056 1024 3118 posse
1135 3044 1136 3103 3

146 3133 230 3183 omma
245 3124 403 3201 imperium
420 3129 471 3185 aut
485 3140 568 3202 spem
583 3120 693 3187 nullam
708 3123 795 3185 aliam
809 3140 874 3183 asse
888 3123 959 3182 satis
973 3121 1022 3182 de·

77 3186 206 3265 clarabat
239 3213 338 3269 tamen
352 3204 457 3266 consul
478 3205 553 3266 altor
567 3207 697 3285 equestri
712 3205 826 3285 proelio
842 3222 902 3265 uno
918 3212 947 3266 et
961 3203 1052 3266 vul-a
1135 3204 1136 3215 ³

80 3285 143 3338 nere
156 3300 208 3348 suo
221 3292 239 3332 ¹⁸
253 3297 285 3350 et
298 3291 428 3350 minutus
448 3288 526 3350 trabi
544 3306 609 3350 rem
630 3288 773 3365 malebat,
789 3289 918 3349 recentis
933 3289 1024 3350 animi
1135 3354 1136 3357 Ἴ

79 3352 145 3446 §litt
160 3383 249 3450 eoque
272 3373 400 3433 ferocior
420 3370 530 3432 nullam
552 3371 721 3433 dilationem
740 3371 915 3452 patiebatur.
946 3371 1053 3454 quoda

80 3445 149 3503 inter
164 3449 298 3517 Trebiam
312 3455 482 3534 Padumque
497 3457 560 3534 agri
575 3464 619 3517 est
633 3455 708 3517 Galli
723 3465 786 3517 tum
797 3455 974 3526 incolebant,
992 3457 1023 3517 in
1135 3458 1136 3509 l
