2350 3922
273 266 366 308 urens
378 264 469 309 xxm.
486 267 554 310 cir.
567 257 609 311 28.
625 256 668 311 29.
685 247 724 330 [a.
742 252 776 313 0.
791 249 853 330 210]
985 258 1046 319 347

86 414 167 474 iusto
182 421 214 493 et
222 419 305 474 aucta
317 413 408 474 classe
424 412 461 476 ad
472 416 657 477 retinendam
671 424 753 479 terra
767 420 898 498 marique
913 437 947 480 ac
961 426 1043 483 tuen·

86 498 157 557 dam
172 495 343 576 Hispaniam
360 505 404 558 est
425 498 540 560 missus.
575 500 640 580 qui,
662 508 696 561 ut
714 501 859 581 pedestris
878 501 1074 582 navalisque3

84 581 189 658 copias
204 581 332 651 traiecit,
351 583 456 643 castris
470 584 647 644 conmunitis
657 584 836 667 naribusque
851 584 1001 647 subductis
1016 593 1046 647 et

85 663 163 725 valio
184 662 371 726 circumdatis
391 682 458 726 cum
481 666 628 746 equitibus
657 666 777 729 deiectis
797 669 875 748 ipse,
905 677 1045 748 quantum

83 748 215 809 maxime
229 746 394 810 accelerare
406 757 531 827 poterat,
547 767 602 828 per
611 749 715 812 dubios
727 752 908 830 infestosque
920 751 1045 831 populos

84 834 168 892 iuxta
183 833 313 893 intentus
328 831 365 893 ad
382 832 595 895 Hasdrubalem
610 836 753 913 pervenit.
786 853 852 896 cum
865 834 983 896 decreta
999 842 1073 897 ιιι-4

83 922 174 975 natus
190 915 385 996 mandataque
401 918 583 995 cuposuIsset
603 925 690 996 atque
706 917 827 979 edoctus
845 925 923 980 esset
936 919 1000 998 ipse
1013 920 1043 979 io

84 1000 196 1069 vicem,
220 999 360 1078 quemad
382 999 504 1062 modum
527 1002 710 1063 tractandum
731 1000 841 1063 beHum
857 1003 888 1062 in
904 1002 1043 1083 Hispania

83 1082 178 1154 foret,
201 1092 282 1144 retro
302 1085 333 1143 in
351 1101 403 1144 sua
423 1092 519 1147 castra
543 1085 620 1147 redit
634 1085 714 1147 nulia
732 1104 766 1146 rc
781 1104 869 1165 qnam
895 1085 1045 1146 celeritate
1103 1158 1107 1163 .

82 1167 193 1237 tutior,
222 1167 299 1246 quod
325 1167 455 1247 undique
488 1167 616 1241 abierat,
652 1177 807 1250 antequam
832 1171 1044 1231 consentirent.

82 1249 253 1326 Hasdrubal
270 1253 441 1332 priusquam
462 1261 596 1313 moveret
621 1261 731 1324 castra,
758 1255 899 1333 pecunias
919 1254 1072 1334 imperato

82 1333 203 1415 populis
222 1334 358 1397 omuibus
381 1352 451 1396 snae
471 1334 607 1406 dicionis,
629 1338 700 1398 satis
722 1355 830 1416 guarus
850 1335 1044 1398 Hannibalern
1086 1342 1089 1345 '

82 1421 229 1483 transitus
241 1418 383 1498 quosdam
394 1420 491 1498 pretio
501 1425 664 1481 mercatum
679 1438 734 1480 ueo
749 1420 853 1481 auxilia
867 1420 977 1481 Gallina
992 1419 1073 1482 ali-o

81 1510 232 1581 torquant
242 1502 387 1565 conducta
397 1501 545 1574 habuisse,
557 1503 675 1582 inopem
688 1511 800 1565 tantum
811 1505 868 1565 iter
878 1505 1043 1581 ingressum

83 1589 134 1647 vix
153 1593 378 1665 penetraturum
393 1585 431 1647 ad
444 1586 524 1666 Alpis
545 1586 650 1649 luisse:
676 1588 809 1668 pecuniis
828 1588 917 1663 igitur
937 1587 1043 1665 raptim

3 1726 6 1733 ,
84 1671 196 1732 exactis
212 1668 248 1730 ad
264 1669 407 1732 Hiberum
424 1669 585 1733 descendit.

148 1753 272 1815 Decreta
288 1753 574 1832 Carthaginiensium
596 1762 626 1817 et
645 1753 834 1817 Hasdrubalis
857 1755 914 1814 iter
938 1753 989 1813 ubi
1009 1753 1073 1814 adi

83 1839 235 1901 Romanos
250 1846 317 1899 sunt
332 1837 458 1917 perlata,
476 1839 612 1900 omnibus
626 1840 740 1900 omissis
753 1838 843 1900 rebus
855 1837 942 1899 ambo
953 1838 1044 1898 duces
1055 1863 1070 1879 ν’
1085 1820 1098 1869 i

81 1922 194 1985 iunctis
219 1923 310 2001 copiis
333 1924 377 1982 ire
400 1921 515 1985 obviam
538 1924 649 2003 coeptis
663 1931 750 2004 atquc
770 1921 913 1985 obsistere
927 1931 1041 2001 parant,

83 2007 157 2076 rati,
178 2007 204 2065 si
215 2005 386 2078 Hannibali,
408 2008 455 2067 vix
476 2024 531 2088 pcr
548 2026 580 2069 se
598 2008 656 2087 ipsi
673 2007 825 2069 tolerando
842 2006 942 2068 ltaliae
956 2006 1073 2076 hostiis

82 2087 252 2152 Hasdrubal
269 2089 328 2150 dux
344 2097 431 2170 atque
446 2090 648 2172 Hispaniensis
664 2093 810 2153 exercitus
826 2097 904 2151 esset
916 2090 1042 2157 iunctus,
1171 2164 1172 2167 Ἴ

84 2174 170 2234 lium
186 2173 276 2234 tinem
289 2173 414 2236 Romani
427 2175 535 2254 imperi
548 2175 622 2237 iore.
654 2175 700 2237 his
715 2176 794 2236 anxii
808 2174 887 2234 curis
902 2172 937 2233 ad
953 2168 1071 2232 Hibe-o
1171 2178 1172 2183 ’

83 2257 193 2318 berum
208 2257 387 2318 contrahunt
402 2258 514 2336 copias,
532 2266 562 2318 et
579 2260 703 2319 transito
717 2276 804 2318 amne
821 2274 888 2316 oum
907 2255 955 2314 diu
972 2272 1043 2314 con-

84 2339 258 2411 sultassent,
273 2349 373 2403 utrum
388 2348 483 2402 castra
498 2343 601 2402 castris
618 2340 801 2411 conterrent,
818 2358 855 2400 an
872 2340 942 2399 satis
953 2336 1043 2397 habe-

85 2431 156 2486 reut
166 2426 253 2485 sociis
253 2425 543 2503 §arthaginiensium
550 2424 767 2509 oppugnandis,
764 2424 876 2485 morari
890 2422 1042 2485 abitinere

85 2508 238 2590 proposito
257 2508 389 2579 bostem,
416 2507 519 2569 urbem
540 2526 557 2569 a
577 2504 744 2587 propinquo
764 2507 885 2567 flumine
900 2503 1038 2566 Hiberam
1053 2508 1086 2560 ιο
1169 2580 1170 2587 ¹

86 2589 278 2671 appellatam,
306 2591 555 2672 opulentissimam
582 2610 615 2653 ea
629 2598 804 2671 tempestato
824 2590 954 2668 regionis
971 2589 1042 2656 eius,
1169 2606 1170 2683 p

86 2692 260 2756 oppugnare
279 2683 394 2754 parant.
428 2675 505 2756 quod
527 2674 579 2737 ubi
600 2675 692 2736 sensit
710 2672 890 2749 Hasdrubal,
907 2690 963 2752 pro
985 2689 1041 2751 opc
1054 2676 1084 2727 11
1168 2734 1169 2739 1

86 2759 209 2820 ferenda
225 2761 311 2818 sociis
326 2761 423 2838 pergit
437 2761 481 2819 ire
498 2760 561 2838 ipse
580 2758 617 2819 ad
633 2757 737 2820 urbem
753 2750 880 2818 deditam
902 2774 997 2836 nuper
1012 2755 1043 2814 in

85 2843 175 2904 iidem
190 2842 390 2903 Romanorum
408 2842 644 2923 oppugnandam.
678 2844 719 2904 ita
733 2843 791 2904 iam
809 2848 912 2921 coepta
928 2839 1042 2901 obsidio
1055 2844 1087 2896 12
1167 2850 1169 2927 p

87 2928 196 2997 omissa
211 2925 247 2986 ab
263 2925 403 2988 Romanis
418 2934 462 2987 est
478 2933 506 2986 et
529 2928 560 2987 in
581 2929 677 3005 ipsum
694 2924 907 2989 Hasdrubalem
927 2942 1043 2985 uersum
1166 2936 1168 3007 g

86 3008 207 3070 beHum.
250 3008 351 3070 XXIX.
383 3009 518 3090 Quinque
531 3011 645 3072 milium
659 3008 813 3070 intervallo
828 3009 1072 3071 castradistan·i
1167 3018 1168 3071 i

86 3095 126 3154 tia
142 3092 273 3154 habuere
284 3110 394 3171 paucos
408 3094 485 3166 dies,
502 3112 557 3159 neo
570 3096 633 3155 sine
644 3088 889 3172 levibusproeliis
903 3109 959 3152 nec
970 3093 1043 3152 utin
1165 3078 1168 3171 Ι

88 3177 182 3238 aciem
198 3177 326 3246 exireut;
347 3178 466 3253 taudem
484 3196 543 3253 uno
565 3177 727 3255 eodemque
752 3177 799 3237 die
817 3174 896 3236 velut
917 3194 954 3236 ex
975 3183 1073 3235 con-2
1165 3182 1167 3207 ¹

82 3262 187 3337 posito.
205 3260 262 3318 uir'
316 3261 492 3318 nesiorum
538 3273 598 3315 un
969 3262 998 3314 at
1019 3272 1055 3314 ue

1113 1066 1136 1107 n<

82 3340 223 3403 omnibus
241 3359 276 3401 co
299 3342 318 3400 i'
358 3343 364 3355 '
565 3338 711 3400 descensu
758 3326 813 3398 est.
849 3337 959 3417 triplex
975 3339 1084 3417 stppjpu

81 3423 216 3486 Romana
228 3427 323 3487 acies:
340 3425 460 3485 velitum
470 3442 540 3512 pars
552 3425 632 3485 inter
645 3423 853 3515 antesignanos
864 3421 969 3495 locata,
986 3440 1056 3500 pars

79 3516 151 3588 post
173 3509 256 3593 sigua
279 3516 415 3599 accepta,
437 3517 539 3596 equite
579 3522 691 3570 oornua
713 3523 846 3568 curere.
918 3505 1084 3566 asdrubaii
1152 3592 1158 3601 Ι
