2280 3926
147 173 207 234 166
345 186 438 227 uranu
450 189 482 229 x.
500 186 568 227 oar.
586 173 627 229 te.
644 173 686 227 lo.
703 163 742 245 [a.
754 189 785 228 u.
800 188 827 228 e.
838 164 898 248 458]

145 340 179 396 ut
191 328 333 413 quosdam
353 340 520 413 spectantes
536 335 595 394 iam
610 350 692 396 arma
706 334 842 395 Etruriae
861 331 980 414 populos
998 341 1078 395 metm

145 419 270 479 Romani
286 419 412 481 nominis
428 419 643 496 conprimeret,
668 436 755 498 quam
775 417 852 497 quod
872 418 958 478 ductu
971 416 1078 478 consulis

120 502 306 583 equiequam
326 500 368 563 ibi
390 503 460 562 satis
480 503 553 562 scite
567 509 618 563 aut
637 501 784 564 lortamate
804 509 918 580 gestum
933 502 977 562 sit.
1005 499 1079 561 multa

146 584 260 666 proelia
271 583 345 648 locis
351 592 382 646 et
392 584 574 665 temporibus
580 587 688 666 ianuis
695 588 860 657 commissa,
872 584 1079 666 spesqueiudies

147 670 312 748 graviorem
324 669 439 732 bostem
454 668 591 740 faciebat,
609 678 638 730 et
647 672 706 731 iam
721 688 814 750 prope
831 674 908 739 erat,
923 675 956 730 ut
969 685 1019 728 nee
1028 667 1079 727 duci

121 753 255 815 tmilites
269 770 324 815 nec
339 752 479 814 militibus
493 753 552 813 dux
566 754 637 814 satis
649 753 762 815 fideret.
791 753 903 815 litteras
915 752 950 812 ad
961 750 1079 828 collegam

148 837 359 899 accersendum
375 855 411 896 ex
421 836 540 896 Samnio
550 837 653 899 missas
667 838 795 898 lutrinis
806 835 959 899 annalibus
970 834 1078 894 invenio:

147 921 229 1001 piget
243 929 341 982 tamen
353 919 385 981 id
396 926 510 981 certum
526 937 652 999 ponere,
668 939 736 982 cum
747 939 781 983 ea
798 921 863 1001 ipsa
879 921 956 981 inter
970 915 1079 979 consules

147 1003 250 1084 populi
263 1004 403 1075 Romani,
422 1004 481 1064 iam
496 1004 604 1066 iterum
619 1005 723 1066 eodem
739 1003 854 1067 honore
868 1002 1022 1083 fungentis,
1037 1000 1078 1059 dis·

149 1089 275 1166 ceptatio
298 1085 400 1158 luerit,
422 1086 517 1166 Appio
537 1087 686 1150 abnuente
706 1090 823 1160 missas,
845 1087 995 1149 Volumnio
1013 1082 1079 1145 adir-

121 1177 248 1232 amante
262 1171 337 1250 Appi
357 1188 390 1232 se
409 1169 514 1233 litteris
530 1174 665 1234 accitum.
694 1173 750 1234 iam
761 1172 934 1235 Volrmanius
945 1166 1079 1231 iuSamuio

148 1255 205 1314 tria
220 1252 338 1315 castella
353 1261 486 1335 ceperat,
502 1257 533 1316 in
545 1256 651 1336 quibus
662 1256 699 1318 ad
712 1258 769 1317 tria
784 1256 867 1318 milia
881 1254 1004 1317 bostium
1017 1265 1080 1311 caesa

149 1344 247 1406 eraut,
260 1338 413 1400 dimidium
424 1338 487 1401 lere
498 1341 560 1401 eius
569 1348 701 1420 captum,
714 1346 745 1402 et
750 1340 937 1403 Lucanorum
948 1335 1080 1398 seditiones

148 1440 165 1483 a
185 1420 299 1500 plebeis
321 1429 350 1483 et
369 1423 524 1501 egentibus
545 1423 668 1485 ducibus
685 1432 764 1486 ortas
785 1441 901 1485 summa
916 1419 1080 1502 optumatium

149 1505 298 1568 voluntate
308 1523 362 1586 per
370 1508 403 1578 Q.
412 1506 543 1579 Fabium,
555 1526 609 1588 pro
622 1507 741 1569 consule
752 1509 876 1569 missum
887 1525 921 1567 eo
933 1521 995 1567 cum
1005 1507 1080 1563 vetere

21 1606 22 1609 ¹
121 1592 299 1666 ltexercitu,
321 1600 536 1670 conpresserat.
568 1592 657 1654 llecio
672 1590 858 1672 populandos
874 1591 999 1652 bostium
1016 1597 1080 1662 agros

149 1673 302 1752 relinquit,
323 1675 387 1755 ipse
407 1691 475 1734 cum
493 1676 555 1735 suis
574 1676 667 1753 copiis
689 1677 720 1735 in
736 1675 891 1736 Etruriam
910 1673 945 1736 ad
966 1669 1080 1745 collegam

107 1763 141 1815 10
151 1759 263 1836 pergin
289 1761 377 1836 quem
399 1755 602 1821 advenientem
621 1755 690 1820 laeti
707 1775 810 1819 omnes
831 1761 1011 1838 acceperunt.
1039 1750 1080 1826 dp·

149 1841 231 1916 pium
250 1858 286 1899 ex
306 1842 485 1901 conscientia
513 1859 565 1903 sua
585 1841 675 1903 credo
696 1844 828 1903 animum
854 1841 1001 1908 habuisse,
1023 1828 1080 1895 hild

150 1923 287 1981 inmerito
304 1924 428 1992 iratum,
449 1925 475 1983 si
492 1924 565 1985 nihil
586 1927 760 2004 scripserat,
777 1924 926 1988 inliberab
946 1931 975 1984 et
991 1921 1080 1996 lngule

109 2010 140 2063 11
152 2004 264 2072 auimo,
285 2006 310 2066 si
330 2014 452 2084 eguerat
473 2026 544 2087 ope,
565 2008 806 2071 dissimulantem.
850 1999 1080 2109 Qimpalutp

150 2095 251 2150 mutua
271 2089 385 2150 reddita
401 2107 499 2152 cumo
555 2134 561 2154 .,
635 2117 643 2163 1
895 2083 1063 2179 ,Μ

359 2183 385 2224 ἰ
430 2199 446 2228 ιι
718 2202 742 2231 ,ι
798 2206 804 2231 ι
852 2198 979 2230 ·“ι.ιτ1

111 2264 176 2315 12
217 2284 274 2318 ·,··
332 2264 345 2319 t
426 2259 433 2273 ⁶
476 2260 483 2274 ⁸
721 2304 728 2314 ·
798 2285 803 2299 ·
884 2310 890 2321 .

152 2342 184 2400 in
200 2341 319 2402 Samnio
335 2360 383 2403 res
403 2360 561 2423 prosperas
576 2361 640 2405 esse
654 2344 708 2414 ait,
725 2342 831 2405 litteris
843 2345 908 2406 eius
922 2341 1035 2403 accitum
1046 2345 1078 2388 m·

151 2423 244 2493 nisse:
260 2428 372 2505 quaesi
385 2424 476 2488 salsae
490 2428 608 2499 luerint,
621 2445 677 2488 nee
687 2446 757 2489 usus
768 2429 814 2489 sui
825 2429 863 2488 sit
877 2430 908 2489 iu
918 2423 1032 2488 utrum,
1045 2429 1078 2510 ⁰.¹'

112 2514 142 2566 13
153 2507 263 2588 templo
274 2511 422 2573 conversis
433 2510 525 2590 signis
535 2510 692 2575 abiturum.
723 2518 781 2593 „m
795 2500 1076 2579 resorbeas‘imul

151 2592 1076 2740 ΜΨἫΨῊΜΜΜΜΜ

151 2683 204 2747 est,
219 2695 286 2738 cum
316 2697 332 2739 e
355 2699 372 2739 o
392 2698 430 2741 uo
450 2671 1075 2760 smimnrixsjetaslumieaduremffll·

110 2764 143 2816 14
174 2772 582 2838 amarsgorrarrrenrsse.“
634 2782 692 2826 sne,
700 2764 841 2828 Hercules
853 2768 990 2830 verteret,
1005 2754 1076 2845 licem

151 2840 576 2909 mmmumsruauelfmtra
590 2865 710 2929 operam
732 2849 910 2929 insumptam
927 2859 1006 2925 quam
1019 2845 1075 2924 quit·

152 2944 240 3006 quam
251 2927 399 2998 incidisse,
410 2948 464 2990 cur
475 2948 535 2991 non
546 2933 616 2993 salis
628 2940 706 2995 esset
715 2934 852 2995 Etruriae
861 2947 936 3001 unus
947 2918 1075 3007 consului

125 3011 305 3072 lexercitus.
349 3012 424 3075 xlx.
453 3015 655 3092 Digredientes
669 3017 728 3079 iam
738 3015 875 3079 consules
885 3011 970 3092 legati
980 3003 1073 3070 pilum

107 3144 111 3149 .
152 3113 209 3175 que
224 3114 261 3157 ex
274 3097 407 3176 Appiano
423 3100 555 3160 exercitu
569 3102 802 3163 circumsistunt:
818 3118 888 3181 pars
900 3091 1073 3176 imperatorem

152 3196 237 3238 suum
252 3197 352 3252 orare,
372 3198 410 3242 ne
426 3178 557 3262 collegae
571 3185 726 3257 auxilium,
752 3185 832 3265 quod
847 3178 1007 3246 acciendum
1019 3164 1073 3229 llll

124 3259 254 3331 aluerit,
270 3283 323 3325 sua
338 3273 443 3345 sponte
455 3266 583 3330 oblatum
594 3277 800 3348 sperneretur:
815 3269 914 3351 plures
923 3247 1072 3344 abeuntill'

151 3338 265 3402 lumnio
277 3346 428 3421 obsistere,
442 3350 591 3424 obtestari,
602 3371 640 3414 ne
650 3371 741 3434 pravo
749 3371 817 3416 cum
826 3351 935 3428 collega
945 3339 1072 3418 certdfflffli

154 3426 383 3502 rempublicam
403 3435 524 3512 prodat:
532 3417 1072 3543 Qvi&
