2350 3922
261 209 354 252 amaa
369 211 543 255 moneam
561 201 603 254 13.
625 202 664 254 ii.
683 192 721 275 [e.
741 197 851 279 (1216]
971 203 1030 266 331
1060 197 1070 205 ’

68 356 172 431 „nihii
187 356 302 418 facilius
317 360 393 419 scitu
409 366 479 419 est“
495 359 600 439 inquit.
629 378 763 449 „ecquos
779 362 891 507 leqates
901 364 936 426 ad
953 364 1031 425 llan-
1100 408 1102 419 .

67 425 337 503 nlblllaeuromani
349 427 404 503 uris
406 443 542 504 eruntde
557 461 646 524 paee.
677 463 692 505 e
732 464 798 507 uam
832 467 880 509 ern
901 466 937 509 ue
980 466 1031 508 en·

67 611 167 671 mimi
209 626 326 689 quoque
355 627 461 687 nepaes
497 655 552 682 ‚‚,
582 611 670 673 ellum
690 614 701 673 i
721 614 836 675 itur“i
878 615 922 676 uit
971 622 1058 677 uma

66 702 220 838 mtlfflan
237 692 394 775 hspqup,
411 711 498 779 quarn
515 694 686 781 habundus
702 715 759 789 qua
777 684 824 758 dre
839 633 985 759 ffarnralbl
999 686 1034 779 ω’

78 786 133 840 tar
214 785 240 839 st
252 786 334 838 trans
371 795 463 839 essue.
484 798 572 858 quam
587 790 796 842 rananctona
812 801 912 860 priore
964 790 1058 849 uicos

64 849 148 924 bello
159 861 257 933 luerit,
273 842 407 941 plerique
423 858 474 941 qui
483 865 706 926 meminerimus
717 883 917 946 supersumus.
944 883 1030 926 num·

64 964 158 1026 quam
182 953 262 1006 terra
284 946 418 1023 marique
443 949 537 1025 magis
559 964 721 1027 prosperae
745 967 794 1011 res
812 957 931 1012 nostrae
951 951 1029 1010 uisae

63 1037 151 1099 sunt,
179 1046 266 1109 mam
289 1036 357 1090 ante
379 1030 514 1092 consedes
530 1031 560 1094 C.
582 1032 730 1095 Lutatium
750 1041 780 1096 et
797 1034 830 1094 n.
847 1034 1029 1096 Postumium

63 1114 204 1175 luerunt:
214 1112 338 1174 Lutatio
355 1120 385 1174 et
398 1114 549 1177 Postumio
566 1116 737 1180 consulibus
756 1118 862 1180 devicti
882 1117 918 1180 ad
936 1123 1057 1196 nega-4

61 1201 100 1259 tls
121 1197 235 1259 insulas
254 1214 364 1258 sumus.
426 1199 484 1259 uod
498 1201 524 1260 si
563 1200 594 1260 id
635 1201 694 1263 uod
717 1202 747 1262 di
773 1218 861 1264 omen
887 1220 956 1264 aver
987 1208 1027 1271 ut,

63 1298 148 1344 uusuc
163 1299 281 1368 quoq-ue
297 1217 416 1357 1οΜηὲ
427 1247 539 1364 ffi'q'ffi
553 1287 723 1369 variarent
739 1268 801 1369 ᾗῇ
813 1304 916 1369 pacem
926 1304 1027 1379 spera-

65 1375 112 1448 ps¹
130 1382 200 1427 cum
217 1367 376 1453 vincemur
393 1384 480 1454 Qum
496 1384 584 1444 nune
602 1386 668 1445 qum
684 1370 836 1445 mucimus,
856 1370 906 1438 dei
914 1389 987 1438 nem
1014 1369 1026 1429 1

64 1469 138 1531 ego,
156 1451 262 1529 siquis
298 1467 404 1529 epace
422 1467 494 1511 cons
526 1458 555 1512 ei
570 1468 624 1512 seu
646 1451 806 1513 deferenda
823 1453 957 1513 hostibus
975 1471 1028 1514 seu

62 1534 252 1612 accipienda,
268 1533 364 1594 habeo
379 1534 449 1614 quid
465 1537 628 1596 sententiae
642 1535 755 1597 dicam:
779 1537 803 1596 si
818 1536 855 1596 de
872 1535 932 1606 his,
952 1553 1027 1614 quae

4 1636 5 1647 ¹
62 1620 152 1695 hlago
167 1616 310 1696 postulat,
326 1617 458 1689 refertis,
475 1636 530 1679 nec
544 1619 704 1681 victoribus
717 1621 793 1680 mitti
808 1619 941 1681 adtinere
954 1626 1026 1698 puto

3 1722 4 1733 ¹
60 1711 90 1764 et
103 1701 319 1763 frustrantibus
325 1719 380 1762 uos
391 1701 463 1764 falsa
471 1710 557 1783 atque
564 1704 644 1764 inani
650 1721 703 1782 spe
716 1702 1026 1764 multominusceusao

60 1785 210 1850 mittenda
225 1795 321 1848 esae.“
347 1786 426 1847 haud
440 1786 550 1847 multos
565 1789 655 1849 morit
667 1788 820 1849 Hannonis
833 1787 941 1858 oratio,
957 1804 1026 1847 nam

61 1879 90 1933 et
103 1868 313 1932 simultsscum
326 1869 566 1932 familialiarcina
578 1869 717 1932 leviorem
730 1880 879 1934 auctorem
891 1871 1025 1941 iaciebat,

61 1965 92 2018 ct
111 1956 248 2034 occupati
263 1955 354 2015 animi
368 1957 518 2034 praesenti
533 1956 642 2017 laetitia
657 1955 738 2028 nihil,
757 1958 929 2037 queramus
942 1957 1027 2017 lieret

60 2038 206 2119 gaudium
221 2055 320 2108 suurn,
345 2036 464 2100 auribus
479 2040 685 2112 admittebant,
705 2039 942 2118 debellatumque
956 2058 1025 2100 mor

60 2125 145 2194 iore,
159 2124 185 2183 si
201 2123 292 2183 adniti
306 2121 425 2201 paulum
438 2122 605 2196 uoluissent,
621 2124 772 2186 rebantur.
799 2126 898 2203 itaque
912 2123 1025 2200 lugenti

60 2222 212 2271 consensu
226 2206 259 2266 iit
272 2213 391 2267 senatus
406 2206 584 2278 consultum,
600 2216 633 2269 ut
646 2206 802 2269 Hannibali
817 2211 954 2285 quattuor
970 2206 1024 2265 rni-

60 2292 101 2352 lia
116 2289 312 2352 Numidarum
330 2292 362 2350 in
384 2289 620 2370 supplementum
641 2292 829 2351 mitterentur
851 2295 880 2349 et
898 2288 1024 2368 quadra·

60 2378 146 2455 ginta
163 2371 312 2453 elephanti
328 2381 358 2435 et
372 2375 487 2453 argenti
501 2373 610 2434 talenta
629 2373 665 2413 **
681 2374 864 2452 dictatorque
881 2390 949 2433 cum
963 2372 1023 2434 lla·

60 2476 142 2539 gone
153 2459 184 2517 in
199 2458 370 2536 Hispaniam
386 2459 566 2538 praemissus
584 2465 629 2518 est
648 2457 685 2519 ad
708 2455 900 2518 corrduceuda
923 2458 1025 2534 viginti

58 2539 304 2619 millepeditum‚
327 2548 465 2622 quattuor
491 2543 637 2621 equitum,
664 2540 770 2620 quibus
790 2542 950 2610 exercitus,
975 2541 1026 2620 qui

58 2628 93 2688 in
108 2623 192 2686 ltalia
207 2627 315 2705 quique
329 2627 360 2686 in
375 2626 519 2706 ¹Hispania
538 2632 636 2695 erant,
652 2623 870 2705 supplerentur.
1029 2613 1036 2678 i

124 2707 197 2770 xlv.
235 2709 371 2771 Ceterum
392 2711 481 2779 baec,
504 2711 587 2771 utin
608 2708 745 2770 secundis
768 2708 872 2778 rebus,
894 2708 1025 2786 seguiter

61 2795 217 2873 onoseque
232 2801 328 2872 gesta:
346 2793 495 2855 Romanos
509 2800 628 2873 praeter
638 2794 757 2854 insitam
771 2792 946 2853 industriam
962 2792 1024 2853 eui·

60 2879 119 2939 mis
134 2877 252 2939 lartum
277 2879 365 2939 etiarn
380 2879 513 2939 cunctari
534 2875 721 2957 prohibebat.
762 2894 830 2937 nam
850 2893 906 2937 uec
922 2874 1023 2936 consul

60 2959 115 3022 uili
131 2963 192 3032 rei,
218 2978 294 3040 quae
314 2981 369 3041 per
386 2980 453 3023 eum
469 2960 582 3041 agenda
599 2968 689 3031 esset,
716 2959 831 3032 deerat,
857 2967 887 3021 et
899 2959 1052 3020 dictatori

59 3046 99 3107 M.
119 3045 221 3106 lunius
237 3045 312 3107 Pera
333 3046 422 3107 rebus
446 3045 551 3106 divinis
573 3045 712 3125 perlectis
733 3043 866 3123 lateque,
894 3049 928 3104 ut
950 3040 1034 3103 solet*

60 3127 99 3190 ad
120 3128 279 3210 populum,
301 3138 336 3190 ut
353 3146 459 3210 equom
480 3129 639 3190 escendere
663 3126 780 3199 liceret,
806 3135 926 3207 praeter
952 3125 1025 3186 duas

59 3212 192 3274 urbanas
208 3212 355 3291 legiones,
376 3232 451 3294 quae
473 3214 618 3293 principio
636 3213 706 3273 anui
725 3231 741 3272 a
758 3209 927 3272 consulibus
953 3226 1024 3269 cou-

60 3298 191 3378 scriptae
212 3297 344 3369 inerant,
375 3306 405 3359 et
423 3314 575 3359 servorum
602 3295 740 3358 dilectum
766 3295 962 3373 cohortesque
988 3300 1053 3354 exe

59 3399 134 3460 agro
149 3380 259 3445 Piceno
275 3389 304 3444 et
319 3380 430 3443 Gallico
447 3380 595 3442 coniectas
609 3380 646 3442 ad
661 3378 796 3441 ultimum
810 3395 904 3458 prope
920 3377 1024 3456 despe-

59 3474 145 3527 ratae
160 3464 354 3543 reipublicae
368 3463 524 3537 auxilium,
548 3484 615 3526 cum
631 3465 755 3527 honesta
770 3462 891 3525 utilibus
905 3461 1024 3529 cedunt,

1165 3248 1168 3255 ι
