2280 3926
191 199 252 261 loo
352 210 447 253 emsa
459 211 490 250 x.
507 206 577 251 car.
595 195 692 250 1213.
708 187 749 268 [a.
763 210 795 250 u.
811 211 837 249 e.
850 191 912 251 456.
927 183 985 267 457]

190 377 257 419 eum
280 356 397 419 modico
418 355 565 437 praesidio
594 353 775 434 reliquisset,
805 355 939 435 expedito
962 353 1067 430 agmine
1089 351 1114 412 ad

159 440 410 521 edepopulandos
429 440 559 501 hostium
578 438 652 501 does
665 438 785 501 incedit.
815 440 912 509 omnia
930 436 1006 497 lerro
1018 436 1114 514 ignique

189 532 353 595 vastantur3
367 525 493 604 praedae
506 522 636 601 undique
645 529 739 582 actae.
762 540 818 584 nee
829 521 923 587 solum
934 519 1017 585 modo
1028 528 1114 580 nestun

190 609 268 673 hosti
287 607 441 679 relictrun,
465 606 518 668 sed
539 603 664 666 castellis
682 607 770 667 etiarn
789 608 919 687 vicisque
933 604 1034 669 inlatus
1045 603 1112 681 ignis:

190 692 314 755 urbibus
328 690 532 773 oppugnandis
544 695 756 768 temperatum,
770 691 803 752 in
817 709 890 770 quas
906 691 993 751 timor
1005 687 1124 747 Etruscos,

162 776 374 856 eoonpnlerat.
419 776 471 837 Cn.
489 771 583 834 Fulvii
605 772 734 834 consulis
753 772 833 835 clara
853 791 953 854 pugna
973 774 1003 833 in
1024 769 1112 832 Sannio

191 860 228 921 ad
244 861 405 925 Bovianum
427 857 654 937 haudquaquam
675 855 829 935 ambiguae
843 858 983 918 victoriae
999 854 1054 915 luit.
1074 852 1111 912 Bo·

191 946 310 1007 vianum
331 944 401 1007 inde
423 942 580 1020 adgressus
600 958 655 1001 nec
676 941 717 1001 ita
738 939 831 1003 multo
850 948 919 1020 post
934 934 1124 1019 Aufidenands

191 1029 277 1106 cepit,
1028 1086 1031 1091 ,

164 1118 178 1168 ι
253 1109 328 1173 Xlll.
357 1107 469 1171 Eodem
486 1125 564 1170 anno
578 1106 731 1169 Carseolos
748 1108 863 1170 colonia
879 1111 912 1169 in
925 1124 1024 1186 agrum
1033 1101 1110 1180 lequi-

192 1191 326 1254 culorum
336 1191 471 1252 deducta.
497 1190 615 1253 Fulvius
630 1189 733 1251 consul
747 1191 784 1252 de
794 1191 976 1257 Samnitibus
986 1187 1109 1264 triumpha·

162 1277 241 1337 erit.
269 1292 336 1337 cum
351 1276 469 1336 comitia
481 1274 646 1336 consularia
660 1276 812 1347 instarent,
831 1275 911 1335 lama
933 1281 1029 1336 exorta
1041 1270 1109 1331 lltroe

164 1366 243 1421 deos
267 1360 472 1438 Samnitesque
493 1360 629 1437 ingentes
651 1357 841 1418 conscribere
869 1360 1026 1420 exercitus:
1046 1350 1109 1433 polan

193 1442 330 1507 omnibus
345 1442 476 1504 conciliis
491 1444 590 1504 vorari
606 1442 755 1521 principes
771 1441 980 1512 Etruseorum,
995 1436 1063 1521 quod
1073 1448 1109 1495 nou

193 1528 291 1593 Gallos
308 1544 492 1608 quacumque
506 1526 681 1587 condicione
696 1526 840 1589 traxerint
852 1525 892 1587 ad
907 1524 1026 1594 bellum3
1045 1522 1108 1580 inere

192 1614 258 1691 pari
281 1613 471 1690 magistratus
499 1610 687 1678 Samnitium,
716 1607 795 1687 quod
823 1611 987 1671 exercitum
1010 1605 1108 1668 adversus

163 1697 343 1756 4Luoanum
357 1694 473 1755 hostem
490 1702 683 1773 conparatum
697 1689 862 1753 obiecerint
878 1692 1029 1760 Romanls;
1044 1690 1108 1762 itaque

193 1780 253 1839 suis
267 1778 474 1856 sociorumque
487 1776 597 1838 viribus
618 1792 798 1853 consurgere
812 1775 914 1838 hostes
931 1777 967 1838 ad
981 1771 1108 1837 belum,tl

166 1860 419 1939 ehaudquequam
433 1862 499 1937 pari
518 1858 737 1938 defungendum
751 1875 815 1923 esse
826 1862 997 1922 certamine.
1023 1856 1061 1918 bie
1072 1859 1107 1910 ter·

193 1961 260 2014 ror,
283 1960 351 2002 curn
373 1942 513 2009 inlustres
532 1945 588 2004 viri
607 1941 791 2003 consulatum
813 1951 966 2023 peterent,
994 1932 1106 2003 enneli

195 2026 229 2097 Q.
253 2024 378 2087 Fabium
398 2026 557 2089 Maximum
576 2027 674 2105 primo
696 2043 758 2087 non
777 2034 944 2105 petentem,
971 2020 1072 2087 deinde,
1089 2018 1105 2070 d

166 2109 331 2173 oineliuata
346 2111 442 2172 studia
456 2111 539 2181 vidit,
563 2117 749 2173 recusantem
772 2112 934 2172 convertit:
957 2100 1104 2191 quidecim

88 2208 90 2213 ·
193 2211 295 2256 senem
311 2211 345 2256 ac
359 2194 548 2274 perfunctum
561 2191 713 2253 laboribus
733 2191 928 2275 laborumque
941 2175 1103 2273 praemitti·

193 2278 359 2339 licitarenti
419 2295 497 2340 ecc
589 2277 596 2289 '
677 2293 695 2336 c
760 2278 767 2290 '
801 2279 811 2336 i
858 2279 971 2338 ‘orem
993 2273 1103 2356 rrnanttt

193 2362 335 2433 eundem,
352 2369 382 2423 et
395 2361 426 2422 so
579 2385 585 2413 r
612 2384 650 2421 ·o.
756 2362 780 2431 ⁹,
915 2351 934 2422 d
1056 2352 1068 2448 .·

204 2469 234 2504 „1
333 2468 368 2497 ·.·
487 2467 518 2500 ,te
554 2468 560 2496 r
619 2467 625 2496 e
1022 2485 1030 2511 ‚

244 2575 252 2589 ,
441 2529 448 2542 ’
558 2528 565 2541 ’
712 2552 717 2579 ι
859 2575 868 2597 ,
960 2552 965 2580 r

194 2878 270 2940 quae
283 2861 461 2921 ‚verecundia
474 2859 573 2938 legum
589 2861 798 2940 restinguenda
812 2871 908 2933 ratus,
920 2862 1011 2940 legem
1023 2847 1097 2916 pedm

193 2945 291 3014 iussit,
307 2960 364 3022 qua
379 2945 458 3005 iutra
469 2942 571 3005 decern
586 2962 678 3006 annos
693 2946 819 3006 eundern
829 2945 978 3009 consulem
990 2934 1096 3016 renen?

166 3028 306 3090 eliceret.
324 3027 851 3179 Q,
869 3028 1028 3105 tribunique
1039 3004 1096 3096 plen

194 3111 267 3174 nihil
280 3111 310 3172 id
324 3127 394 3191 mpe
415 3112 518 3183 rmenti
532 3112 663 3175 futurum
674 3111 779 3177 aieban
800 3158 807 3174 .
838 3131 855 3174 e
869 3113 905 3175 ad
918 3094 1095 3192 populandi

131 3204 260 3266 flores,
276 3194 451 3274 utilegibus
465 3194 636 3257 solveretur.
673 3203 703 3257 et
722 3195 773 3258 ille
795 3197 912 3277 quidem
930 3198 962 3256 in
980 3169 1094 3274 reobtill

193 3277 357 3355 perstabat,
376 3280 446 3359 quid
461 3297 535 3358 ergo
548 3281 687 3342 attineret
699 3278 781 3359 leges
795 3280 868 3343 ferri
881 3256 1094 3368 rogitansqllllm

195 3375 250 3433 per
273 3362 408 3433 eosdem,
431 3364 481 3442 qui
502 3362 651 3436 tulissent,
675 3364 757 3427 fraus
775 3365 878 3431 fieren
903 3365 910 3380 ·

75 3399 384 3555 qu
416 3445 542 3524 Pssitulus
559 3446 650 3509 nihilo
665 3449 763 3511 miuus
781 3448 960 3530 suffragiain
989 3459 1025 3507 a,
1062 3418 1094 3494 ‚d
