2280 3926
288 224 503 282 amassem.
519 227 544 277 1.
556 228 582 278 2.
600 216 822 303 [aoaoasoo]
980 226 1041 288 149
1135 210 1136 215 '

97 385 197 447 colonis
209 385 367 466 pelluntur.
390 395 521 449 ceterum
532 393 647 448 tantum
653 386 764 450 Romae
775 397 920 450 terrorem
932 386 1039 461 iecere,
1052 397 1069 448 8

93 472 156 550 qula
178 471 224 531 vix
247 469 474 534 conmiserat
499 478 560 534 tam
583 471 711 532 adiectis
724 471 814 533 rebus
838 470 916 532 solos
938 488 1040 551 perse

93 554 519 634 tequosaobellumooortos,
534 562 568 616 ut
577 554 720 618 tumultus
736 557 798 617 eius
814 572 901 617 nausa
915 553 1042 619 dictator

93 636 231 699 decretur
247 639 278 701 C.
299 638 400 701 lunius
416 638 576 702 Bubulcus.
619 657 690 701 oum
701 640 740 701 ll.
765 639 883 701 Titinio·
899 641 1067 717 magistron

92 723 213 800 rqoitttm
235 722 387 802 proibetus
405 725 502 803 primo
529 738 691 802 congressu
708 723 829 802 Aequos
846 720 977 800 subegit,
1006 742 1041 788 ac

89 805 131 866 lie
155 813 256 868 octavo
279 808 466 886 triumphans
490 809 520 869 in
545 806 651 870 urbem
673 825 743 869 cum
767 806 906 875 redisset,
937 805 1040 868 aedem

85 887 201 1033 1lippidulis,
223 908 311 970 mam
325 891 428 953 oonsnl
445 899 575 963 voverat,
600 908 706 953 censor
731 890 893 960 locauerat,
916 889 1040 951 dictator

138 974 231 1036 icaoit
330 974 332 977 ’

141 1057 178 1120 ll.
211 1057 323 1119 Eodem
348 1074 425 1119 anno
449 1058 553 1123 elassis
572 1060 752 1122 Graecorum
780 1058 941 1139 dleonymo
968 1057 1067 1119 ducet

87 1140 315 1206 lacedaemonio
329 1141 366 1204 ad
380 1141 481 1204 ltaliae
501 1142 589 1205 litora
608 1142 729 1224 adpulsa
744 1143 870 1204 Thurias
887 1142 993 1204 urbem
1007 1142 1039 1202 iu

82 1223 250 1287 Sallentinis
269 1227 358 1306 cepit.
394 1227 533 1288 adversus
553 1228 633 1289 hunc
646 1228 763 1289 hostem
784 1227 887 1289 consul
900 1225 1069 1289 Aemiliusa

81 1310 185 1370 missus
201 1309 316 1391 proelio
338 1327 400 1370 uno
416 1310 549 1390 litgatum
570 1309 702 1390 conpulit
720 1312 753 1370 in
772 1327 871 1373 naseas
911 1311 1040 1372 Thuriae
1062 1364 1071 1377 .

79 1392 213 1455 redditae
232 1395 323 1456 reteri
347 1392 458 1455 cultori·
474 1393 694 1474 Sallentinoque
709 1410 781 1471 agro
795 1412 855 1474 pan
867 1402 962 1474 parta.
992 1393 1069 1453 lu·3
1135 1418 1136 1421 ¹

79 1476 161 1538 nium
175 1476 340 1540 Bubulcum
357 1477 531 1539 dictamrem
545 1480 666 1539 missum
682 1479 714 1537 in
729 1474 908 1537 Sallentinos
923 1479 955 1539 in
975 1478 1039 1554 qul·

77 1559 204 1622 busdam
231 1561 386 1623 annalibus
405 1562 539 1631 inuenio,
569 1568 599 1622 et
623 1560 832 1640 Cleonymum,
868 1561 1038 1639 priusquam

77 1643 298 1724 confligendum
319 1652 398 1709 esset
415 1663 483 1707 cum
504 1645 658 1716 Romanis,
679 1642 764 1706 ltalia
780 1645 949 1705 excessisse.
981 1643 1067 1702 eir-4

77 1736 248 1790 cumreotus
271 1728 341 1790 inde
362 1729 520 1790 Brundisii·
532 1730 771 1810 promnnturium
791 1726 948 1807 medioque
974 1726 1041 1788 siuu

3 1854 4 1857 κ
75 1811 247 1875 Hadriatico
258 1813 354 1874 ventis
366 1812 456 1882 latus,
473 1830 540 1874 oum
551 1810 928 1894 laevainportuosa-Italiae
943 1809 1039 1880 litora,

76 1895 183 1958 dextra
197 1895 289 1976 Illyrii
306 1896 491 1977 Liburnique
504 1904 534 1958 et
550 1896 656 1966 Histri,
674 1903 778 1974 gentes
790 1897 873 1959 ienae
888 1902 920 1957 et
934 1912 1040 1973 magna

75 1988 211 2061 exparte
225 1980 387 2042 lenociniis
400 1982 555 2043 maritimis
576 1981 715 2051 infames,
740 1988 903 2051 terrerent,
922 1982 1041 2061 penitus

75 2065 117 2126 ad'
132 2062 223 2126 litora
235 2064 415 2126 Venetorum
428 2066 572 2143 pervenit.
611 2065 752 2145 expositis
766 2066 884 2144 panem,
907 2066 959 2143 qui
974 2062 1067 2124 lonae

76 2147 286 2229 explorarent,
314 2166 382 2209 enm
404 2149 535 2210 audisset
553 2157 642 2211 tenue
663 2155 851 2228 praetentum
872 2148 942 2208 litus
965 2163 1039 2215 esse,

3 2262 5 2265 ·
75 2231 158 2313 quod
180 2234 374 2310 transgressis
395 2239 499 2312 stagna
519 2232 556 2294 ab
582 2240 667 2311 tergo
689 2233 748 2293 sint
769 2232 887 2309 inrigua
911 2227 1039 2291 aestibus

75 2317 249 2387 maritimis,
273 2332 360 2394 agros
374 2316 454 2377 houd
467 2314 572 2396 procul
586 2318 739 2395 proximos
757 2314 932 2394 campestris
946 2313 1038 2381 cerni,

74 2400 220 2461 ulteriora
235 2399 318 2461 collis
331 2399 425 2461 videri
442 2418 520 2472 esse,
546 2402 655 2461 ostium
668 2399 799 2461 fluminis
820 2395 959 2476 praealti,
982 2401 1069 2475 quoo

76 2485 241 2562 cucumagi
256 2498 345 2544 naves
359 2485 391 2545 iu
404 2486 664 2547 statiormmtutam
675 2486 793 2559 possint
804 2482 915 2542 vidisse-
925 2513 967 2527 -
977 2480 1038 2542 lle-
1135 2552 1136 2555 Ἴ

75 2568 190 2630 doacus
206 2569 301 2629 amnis
311 2576 376 2629 erat
389 2586 446 2636 -3
463 2586 498 2628 eo
508 2570 659 2628 invectam.
668 2564 793 2627 classem
806 2565 911 2625 subire
918 2564 1039 2625 flumine
1135 2592 1136 2597 κ

75 2651 202 2714 adverso
220 2653 314 2714 iussit.
349 2652 545 2730 gravissumas
568 2650 686 2710 nauium
706 2666 768 2709 non
793 2646 917 2727 pertulit
942 2643 1067 2708 alveust

74 2735 223 2798 luminis:
243 2736 277 2796 in
297 2734 407 2797 leviora
427 2736 542 2814 navigia
563 2742 749 2812 transgressa
771 2730 927 2794 multitudo
942 2748 1038 2794 arma-

75 2826 176 2882 torum
192 2820 229 2880 ad
246 2819 419 2899 frequentes
432 2837 532 2897 agros,
555 2818 654 2880 tribam
662 2818 817 2880 maritimis
832 2817 1038 2879 Patavinorum
1135 2894 1136 2897 Ἴ

75 2905 147 2964 vicis
164 2902 332 2965 colentibus
350 2921 415 2964 eam
432 2922 532 2976 oram,
551 2905 709 2984 pervenit⁸
731 2900 774 2964 ibi
798 2903 910 2981 egressi
926 2900 1066 2981 praed-8
1135 2916 1136 2919 ¹

77 2986 127 3046 dio
140 2986 198 3047 levi
210 2986 332 3048 carmus
347 2985 454 3048 relicto·
466 2990 546 3049 vicos
557 2994 736 3067 expugnant,
752 2986 938 3048 inflammant
949 2992 1036 3053 tecta,

75 3068 231 3132 hominunm
245 3070 450 3150 pecudumque
470 3071 596 3151 praedas
619 3078 712 3149 agunt
731 3077 761 3130 et
777 3069 935 3132 dulcedine
951 3083 1037 3143 prae·

76 3153 166 3214 dandi
180 3154 298 3232 longius
312 3171 409 3234 usque
426 3172 444 3214 a
459 3154 582 3217 naribus
593 3154 769 3234 procedunt.
799 3153 874 3213 haec
887 3150 938 3211 ubi
952 3149 1065 3211 Pata-9

75 3239 156 3299 dum
171 3246 241 3301 sunt
254 3239 389 3299 nuntiata
407 3270 443 3284 --
454 3256 574 3317 semper
585 3247 683 3298 autem
698 3255 750 3297 eos
768 3235 905 3296 inarmis
921 3232 1037 3295 accolae
1135 3244 1136 3247 ’

75 3318 152 3383 dom
173 3321 326 3383 habebant
347 3355 403 3392 -,
426 3323 458 3382 in
478 3322 552 3383 duos
569 3328 670 3401 partes
693 3322 873 3381 iuventutem
894 3316 1035 3380 dividunt.

76 3404 169 3466 altera
181 3406 213 3467 in
229 3406 398 3485 regionem,
413 3421 471 3485 qua
487 3405 577 3468 effusa
601 3403 751 3485 populatio
774 3402 978 3470 nuntiabatur,
994 3400 1036 3464 al·

76 3493 155 3563 tera',
170 3504 209 3573 ne
224 3492 272 3552 eni
284 3489 470 3571 praedonum
485 3489 570 3553 obvia
584 3491 684 3561 lieret,
698 3488 791 3552 aliero
805 3491 912 3551 itinere
927 3486 964 3549 ad
977 3492 1035 3546 sta-
1135 3566 1136 3569 Ἴ
