2396 3920
252 233 351 275 nmen
365 232 420 275 ru.
437 232 506 275 osa.
522 219 547 272 8.
563 219 588 272 9.
605 220 645 272 10.
663 211 702 293 [a.
720 214 755 277 O.
773 220 831 274 362.
846 213 909 292 361]
1042 219 1062 279 9

100 399 158 460 quc-
171 381 355 458 fugientium
377 379 414 439 ab
434 379 578 458 Signinis,
597 397 665 441 cum
684 387 802 459 praeter
820 382 937 443 moenia
957 398 1061 443 eorum

96 463 299 543 infrequentia
322 470 478 540 conspecta
499 464 582 542 signa
603 471 715 532 essem,
737 465 834 525 iusum
850 483 884 526 ac
904 482 958 543 per
973 482 1061 545 agros

95 548 213 626 trepida
229 547 300 624 iuga
314 545 446 626 palatum
463 553 516 607 est.
545 564 602 609 neo
613 547 753 609 Romanis
770 549 925 610 incruenta
941 550 1091 612 victoriat
1192 536 1193 543 '

92 632 163 693 iuit:
185 638 294 710 quarta
309 646 380 709 pars
394 628 519 691 militum
536 632 659 700 ambra,
679 638 722 702 et,
742 629 794 691 ubi
808 631 887 693 baud
903 634 1002 694 minus
1016 635 1059 694 ia-

93 723 200 777 cturae
214 715 280 785 luit,
297 712 408 792 aliquot
423 715 535 793 equites
550 713 674 776 Romani
689 713 834 777 cecidere.

5 800 7 811 '
157 797 209 861 lX.
231 797 402 876 insequenti
425 814 503 857 anno
525 814 592 858 cum
610 797 641 860 (2.
662 797 808 879 Sulpicius
831 806 862 859 et
882 799 914 862 (2.
932 798 1061 862 Licinius
1077 809 1090 862 1

92 882 203 945 calvus
224 879 363 943 consules
379 881 411 941 in
428 880 573 943 Hernicos
592 883 755 944 exercitum
773 880 941 952 duxissent,
963 899 1060 963 neque

93 967 223 1026 inventis
233 965 266 1027 in
282 981 354 1044 agro
369 962 501 1025 hostibus
511 964 711 1035 Ferentinum,
723 964 828 1028 urbem
842 967 995 1036 eorumvi
1010 984 1058 1027 ce-

5 1046 7 1049 ’
94 1052 223 1129 pissent,
245 1045 460 1110 revertentibus
481 1047 550 1108 iude
575 1050 617 1110 cis
637 1047 775 1111 Tiburtes
795 1057 897 1129 portas
917 1049 1058 1113 clausere.

96 1152 130 1194 ea
144 1132 252 1194 ultima
269 1131 325 1192 luit
341 1148 444 1201 causa,
461 1148 527 1192 cum
548 1131 657 1193 multae
673 1141 740 1193 ante
760 1134 961 1213 querimoniae
980 1132 1059 1195 ultro
1074 1144 1080 1158 '

95 1218 233 1295 citroque
254 1217 380 1276 iactatae
401 1222 516 1284 essem,
536 1232 589 1276 cur
607 1233 662 1295 per
682 1215 796 1278 letiales
816 1215 906 1278 rebus
926 1219 1057 1297 repetitis

97 1299 210 1360 bubum
224 1298 342 1361 Tiburti
356 1297 465 1377 populo
479 1297 669 1360 indiceretur.

5 1390 7 1395 ’
161 1383 339 1443 dictatorem
354 1381 389 1442 Τ.
405 1381 573 1453 Quinctium
589 1383 722 1444 Pennum
740 1401 775 1444 eo
789 1400 867 1446 anno
882 1385 973 1445 titisse
989 1386 1056 1445 sads

99 1474 218 1526 constat
232 1473 261 1526 et
272 1466 446 1543 magistrum
462 1465 593 1544 equitum
610 1466 674 1526 Ser.
693 1465 861 1527 Cornelium
876 1465 1057 1544 blaluginen-

102 1565 179 1609 sem.
205 1547 294 1615 Macer
308 1549 438 1610 Licinius
451 1547 638 1609 conciderunt
652 1547 857 1610 habendorum
875 1564 961 1611 causa
978 1558 1007 1609 et
1021 1548 1058 1609 ab
1073 1559 1091 1607 t

101 1631 216 1692 Licinio
230 1631 346 1694 coustrle
365 1632 476 1694 dictum
497 1629 614 1701 scribit,
632 1632 700 1711 quia
714 1628 827 1709 collega
848 1631 964 1692 comitia
980 1630 1057 1693 bello

96 1713 250 1796 praeferre
272 1715 443 1786 lestimnte,
465 1723 498 1776 ut
520 1716 705 1779 continuaret
720 1713 920 1785 consulatum,
943 1714 1058 1777 obviam

96 1798 227 1860 eundum
242 1793 350 1878 pravae
364 1799 518 1879 cupiditati
531 1799 630 1861 luerit.
665 1799 797 1879 quaesita
813 1816 846 1860 ea
861 1801 1001 1879 propriae
1015 1800 1057 1862 la·
1072 1808 1088 1859 5

95 1880 196 1944 mdiae
209 1882 274 1944 laus
291 1882 431 1944 leviorem
446 1890 597 1944 auctorem
612 1882 757 1945 Licinimn
774 1882 854 1944 iacit.
891 1900 958 1944 cum
973 1902 1056 1945 men·

93 1968 207 2028 tionem
220 1968 284 2027 eius
295 1967 340 2026 rei
349 1968 381 2027 in
392 1965 599 2028 vetustioribus
611 1965 766 2028 annalibus
777 1966 889 2029 nnllam
900 1968 1055 2038 inveniam,

94 2051 189 2129 magis
210 2059 245 2110 ut
267 2048 342 2112 belli
353 2048 455 2112 Gallici
472 2066 560 2111 causa
577 2050 750 2112 dictatorem
770 2049 911 2122 arbitrer,
934 2050 1057 2112 inclinat

93 2134 221 2194 ammos.
258 2151 294 2194 eo
316 2140 398 2194 certe
416 2151 494 2195 anno
511 2132 587 2195 Galli
606 2133 643 2195 ad
663 2135 783 2196 tertium
801 2133 928 2216 lapidem
944 2132 1089 2194 Salariae
1120 2149 1124 2154 ’

93 2218 140 2277 via
155 2224 240 2278 trans
250 2225 376 2297 pontem
383 2219 504 2281 Anienis
518 2224 614 2279 castra
625 2217 765 2280 habuere.
792 2218 916 2279 dictator
927 2234 994 2277 curn
1009 2227 1055 2277 tu-

5 2370 7 2379 ,
93 2299 205 2362 multus
217 2299 322 2363 Gallici
333 2319 420 2364 causa
434 2301 576 2362 iustitium
592 2301 737 2372 edixisset,
749 2319 852 2364 ornnes
865 2302 996 2363 iuniores
1009 2318 1055 2362 sa·

94 2393 249 2447 eramento
263 2384 370 2464 adegit,
387 2386 560 2464 ingentique
576 2388 706 2447 exercitu
721 2384 758 2445 ab
773 2384 847 2447 urbe
860 2385 1011 2465 proiectus
1024 2385 1056 2445 in

93 2469 236 2528 citeriore
249 2470 315 2548 ripa
330 2470 449 2530 Anienis
470 2476 566 2530 castra
581 2469 687 2549 posuit.
725 2484 801 2548 pons
820 2469 851 2529 in
868 2468 965 2531 medio
983 2476 1088 2539 erant

5 2568 6 2577 ¹
92 2553 208 2612 neutris
224 2569 293 2613 cum
307 2552 519 2631 rumpentibus,
532 2569 570 2613 ne
580 2552 696 2613 timoris
706 2550 847 2612 indicium
862 2558 948 2612 esset.
967 2567 1055 2628 proe-

92 2633 133 2695 lia
148 2634 186 2695 de
202 2635 374 2714 occupando
387 2643 478 2714 ponte
492 2632 598 2696 crebra
612 2641 711 2702 erant,
726 2649 791 2702 nec,
809 2635 860 2713 qui
874 2638 1054 2712 poterentur,

92 2718 216 2780 incertis
230 2716 343 2781 viribus
357 2720 428 2780 satis
448 2719 577 2781 discerni
591 2724 716 2798 poterat.
752 2724 816 2778 tum
830 2717 934 2781 eximia
950 2734 1055 2798 corpo·
1069 2725 1088 2779 8

92 2802 136 2861 ris
158 2801 362 2880 magnitudine
385 2804 417 2862 in
443 2820 566 2864 vacuum
590 2807 712 2882 pontem
734 2800 834 2864 Gallus
857 2803 1002 2882 prooessit
1026 2808 1056 2862 et

91 2892 238 2963 quantum
253 2887 380 2948 maxima
394 2904 467 2949 roco
479 2888 576 2966 potuit
593 2903 701 2966 „quem
716 2895 815 2947 nunc“
833 2886 929 2966 inquit
942 2884 1054 2957 „Roma

90 2969 191 3028 sirum
207 2966 399 3032 fortissimum
410 2969 509 3041 babet,
524 2968 666 3050 procedat
678 2968 803 3049 agedum
817 2970 855 3031 ad
869 2985 1007 3049 pugnarn,
1022 2976 1055 3028 ut

91 3058 197 3113 noster
214 3051 340 3114 duorum
362 3061 484 3115 eventus
501 3052 647 3124 ostendat,
663 3061 730 3115 utra
749 3070 823 3132 gens
841 3051 920 3114 bello
939 3053 977 3113 sit
991 3069 1053 3112 me·

91 3133 183 3195 lior.“
217 3134 253 3197 X.
275 3134 332 3198 niu
347 3138 427 3199 inter
442 3139 588 3217 primores
600 3137 737 3198 iuvenum
750 3137 951 3199 Rornanorum
965 3133 1054 3195 silcn·
1069 3143 1083 3195 1

5 3246 7 3267 ε
90 3219 169 3280 tium
184 3218 248 3291 luit,
265 3237 334 3281 cum
350 3228 380 3282 ct
397 3220 527 3283 abnuere
541 3228 691 3282 certamen
706 3225 878 3281 vererentur
896 3225 926 3277 et
939 3220 1054 3297 praeci·

91 3318 183 3379 poam
199 3311 311 3365 sortem
328 3304 455 3384 perictdi
475 3310 577 3384 petere
596 3301 716 3365 nollent.
754 3312 816 3364 turn
832 3302 866 3362 Τ.
880 3299 1005 3364 Manlius
1021 3303 1086 3364 bt
1192 3358 1193 3361 ,

5 3448 6 3451 ,
89 3383 186 3455 illius,
210 3388 260 3466 qul
275 3395 391 3467 patrem
411 3390 596 3451 arcuatione
616 3386 773 3448 tribunicia
787 3385 996 3455 vindicaverat,
1018 3403 1055 3447 ex

89 3470 220 3531 statione
236 3469 274 3532 ad
288 3470 462 3535 dictatorern
477 3471 588 3553 pergit:
609 3471 743 3539 „iniussu
760 3477 829 3531 tuo“
844 3471 953 3549 inquit,
977 3470 1053 3539 ,‚im·‘
