2280 3926
248 275 341 319 smne
355 276 397 318 nx.
415 275 482 319 aar.
495 263 539 317 26.
555 265 598 316 ²7.
614 253 654 336 [e.
672 257 706 318 (t.
721 253 783 336 ete]
936 258 996 320 123

62 430 183 503 appareat
195 423 361 484 innocentia
375 429 476 485 nostra
493 441 561 493 nos,
577 439 638 483 non
648 424 800 485 maiestate
813 422 936 484 honoris
949 429 995 483 tu·
1126 458 1128 465 ‹

61 506 382 577 tesneriminetionibns
392 508 456 568 istis
467 514 564 568 esse.“
594 505 1039 569 abdicattndceedtcunnraan
1127 574 1128 579 ἵ

61 597 83 649 et
92 575 235 668 posffiam
242 591 401 668 confestim
417 588 531 652 Foslius
545 590 875 669 magisterio'equitum,
892 591 995 669 primi·
1046 586 1048 591 ’

59 691 104 752 que
116 675 188 755 apud
204 673 342 755 consules
352 675 446 736 -iis
463 675 542 734 enim
558 672 596 735 ab
609 680 713 734 senatu
730 672 867 735 mandata
887 691 937 735 res
951 681 998 735 ast

58 759 140 819 -rei
159 758 227 820 iacti
244 756 548 845 adversus-pobilium
572 757 739 818 testimonia
763 758 880 835 egregie
901 755 996 818 absol·

58 848 155 903 untur.
185 840 328 918 Publilius
344 843 431 903 etiam
446 840 531 923 Philo
546 840 745 921 multiplicatis
761 842 883 902 summis
898 841 992 901 bono·
1003 848 1034 899 21

57 922 123 984 ribus
138 933 203 1006 poet
217 943 266 987 res
287 933 330 988 tot
344 925 424 991 demi
443 924 705 1005 belloquegestas,
733 932 863 986 ceterum
886 925 997 985 invisus

57 1007 194 1081 nobilitati,
211 1026 331 1073 causam
345 1009 418 1070 dixit
437 1007 647 1089 absolutusque
661 1017 714 1071 est.
743 1025 800 1070 nee
814 1008 939 1079 diutius,
962 1014 1039 1069 utta
1127 1070 1128 1073 Ἴ

56 1090 92 1162 lit,
104 1112 184 1173 quam
197 1094 268 1155 dnm
283 1110 389 1155 reeens
400 1100 479 1163 erat,
495 1095 626 1174 quaestio
639 1112 694 1173 per
705 1091 783 1154 clara
798 1095 917 1154 nomina
930 1110 997 1153 reo-

57 1190 110 1236 rum
121 1179 224 1257 riguit:
248 1177 320 1239 inde
334 1175 394 1238 labi
410 1178 508 1256 coepit
521 1176 557 1238 ad
576 1176 679 1239 viliora
695 1179 803 1257 capita,
826 1176 920 1239 donec
936 1177 996 1238 eoi·

56 1259 165 1322 tionibus
175 1259 428 1341 factionibusque,
445 1260 584 1322 adversus
594 1279 667 1340 quas
679 1269 838 1341 conparata
850 1268 927 1331 erat,
944 1279 999 1340 op<
1018 1280 1066 1341 'A'

56 1358 139 1419 pressa
152 1352 204 1407 est
967 1336 1034 1389 ··ἶ“

11 1436 13 1443 ‘
103 1426 207 1492 xxvii.
235 1428 348 1490 Earum
370 1427 447 1489 fama
464 1445 578 1498 rerum,
602 1428 694 1505 magis
717 1435 815 1489 tamen
830 1446 897 1507 spes
912 1428 1023 1489 (lem-l

11 1558 13 1567 .
55 1525 131 1586 panae
145 1512 335 1582 delectionis,
354 1512 386 1572 in
402 1528 490 1592 quam
505 1511 690 1571 coniuratum
704 1518 782 1581 erat,
803 1511 950 1578 Samnites
965 1512 996 1570 in

55 1592 168 1670 Apuliam
185 1613 290 1658 versos
308 1612 413 1657 rursus
431 1594 468 1655 ad
486 1593 628 1656 Gaudium
644 1595 805 1664 revocavit,
828 1593 944 1654 atinde
960 1602 1023 1654 exe

11 1690 13 1715 ὲ
54 1679 213 1760 propinquo,
230 1679 324 1758 siqui
334 1686 431 1740 motus
442 1679 626 1740 occasionem
638 1678 781 1757 aperiret,
798 1677 929 1757 Capuam
937 1676 996 1739 Ro·

11 1812 12 1815 ,
54 1762 307 1844 maniseriperent
346 1780 381 1822 eo
398 1761 535 1824 consules
552 1779 619 1831 cum
642 1759 736 1823 rabdo
757 1762 888 1822 exercitu
907 1767 1024 1821 rene-e
1127 1768 1128 1771 ’

53 1849 117 1906 runt.
146 1855 175 1908 et
188 1848 290 1927 primo
302 1847 380 1907 cirea
393 1844 498 1914 saltus,
515 1862 582 1908 cum
596 1847 745 1926 utrimque
757 1845 794 1907 ad
809 1845 923 1907 bostem
938 1845 995 1909 ini·

53 1941 97 2004 que
111 1929 153 1991 rin
170 1938 267 2000 esset,
289 1931 418 1991 cunctati
435 1936 518 1998 suut;
541 1928 647 1991 deinde
663 1929 810 1991 Samnites
823 1947 878 2009 per
896 1936 1025 2009 apertae
1059 2004 1061 2009 Δ
1127 1994 1128 2001 ¹

53 2005 105 2070 loca
117 2010 195 2074 brevi
210 2013 338 2075 circuitu
358 2014 388 2073 in
404 2012 468 2073 loce
482 2013 582 2092 plana,
606 2013 771 2093 Campanos
787 2031 921 2092 campos,
944 2030 994 2092 ag·

52 2106 108 2154 men
116 2094 285 2166 demittunt,
302 2095 401 2176 ibique
411 2097 541 2176 primum
553 2104 647 2158 castra
660 2099 692 2158 in
703 2104 893 2176 conspectum
903 2096 995 2157 hosti·

51 2171 95 2236 bns
112 2177 190 2253 dota,
211 2178 323 2242 deinde
343 2178 455 2241 levibus
473 2180 594 2260 proeliis
615 2183 744 2260 equitum
767 2182 885 2260 saepius
906 2185 1024 2259 quam5
1127 2184 1128 2189 ’

51 2259 163 2333 peditum
177 2266 330 2343 utrimque
343 2262 508 2342 perieulum
524 2263 650 2332 iactum
673 2281 729 2325 nee
745 2271 795 2325 aut
810 2269 931 2323 eventus
945 2281 995 2323 eo·

50 2355 105 2405 rum
118 2345 284 2410 Romanum
299 2352 349 2407 eut
367 2364 484 2418 morae,
507 2365 564 2427 que
578 2346 735 2409 trabebant
749 2344 873 2417 bellum,
893 2347 994 2426 paeni·

51 2424 124 2490 lebat
150 2431 327 2493 Samnitium
351 2439 454 2492 contre
470 2429 592 2491 ducibus
616 2437 645 2491 et
662 2431 745 2510 carpi
765 2431 862 2508 parvis
886 2429 1022 2491 cotidiett

50 2505 148 2573 damnis
161 2522 192 2575 et
207 2531 367 2576 senescere
383 2512 523 2574 dilatione
541 2512 611 2573 belli
629 2515 705 2573 vires
726 2531 796 2574 suae
810 2511 993 2574 ridebantur.

49 2589 132 2672 ltaque
145 2599 176 2658 in
187 2600 283 2660 aciem
296 2597 462 2677 procedunt
472 2594 617 2675 equitibus
631 2596 788 2655 in'eornua
799 2595 910 2666 divisis,
929 2595 1020 2674 qui-'t
1084 2606 1086 2611 ⁴

50 2669 97 2737 bus
107 2690 298 2763 praeceptum
314 2689 391 2752 erat,
407 2680 581 2741 intentiores
592 2677 628 2739 ad
642 2686 809 2757 respectum
821 2686 994 2750 castrorum,

50 2768 80 2816 ne
97 2779 151 2841 qua
173 2784 208 2826 eo
228 2766 273 2827 vis
292 2764 391 2838 lieret,
421 2762 561 2844 quemad
578 2761 724 2845 proelium
748 2768 873 2825 starent:
901 2764 995 2826 aciem

48 2842 128 2980 ledffi
145 2855 240 2911 tutam
260 2849 334 2912 iore.
370 2847 524 2923 consanum
540 2847 685 2928 Sulpicius
702 2848 734 2908 in
749 2847 867 2935 denuo,
888 2849 1020 2910 Foetes
1127 2896 1128 2899 ,

66 2942 96 2984 us
108 2929 137 2991 in
152 2930 235 2995 laevo
247 2951 342 2994 cornu
353 2935 524 3005 consistunt.
555 2932 657 2994 dextra
670 2950 753 3012 pars,
771 2950 827 3012 qua
839 2939 869 2994 et
879 2932 995 2995 Samni·

49 3011 166 3102 teraris
177 3016 342 3086 ordinibus,
358 3016 455 3078 autad
466 3016 691 3079 circumeundos
703 3017 811 3088 hostes,
830 3024 879 3078 aut
890 3035 928 3077 ne
939 3016 996 3093 ipsi

50 3099 273 3173 trmmuentm,
286 3102 488 3172 constiterant,
499 3100 585 3161 latius
593 3100 738 3180 patefacte
749 3101 844 3162 stetitt
855 3099 991 3168 sinistris,
1003 3105 1021 3156 e

49 3184 244 3261 praeterquam
255 3184 334 3265 quod
345 3184 696 3252 confertioressteterant,
710 3184 865 3261 repentino
873 3178 995 3242 oonsilio

49 3251 161 3335 Poetoltt
175 3267 303 3330 consulis
322 3267 438 3344 additae
461 3270 553 3338 vires,
576 3269 628 3347 qui
645 3264 834 3328 subsidiarias
848 3266 994 3337 cohortes,
1079 3330 1081 3333 ,

52 3353 116 3415 (luit
129 3346 261 3428 integrae
274 3353 311 3413 ad
326 3352 469 3431 longioris
479 3365 596 3433 pugnae
608 3368 694 3411 casus
707 3348 949 3421 reservabantur,
963 3350 996 3427 in

53 3423 165 3496 emmam
176 3435 267 3498 aciem
280 3436 427 3517 extemplo
438 3438 547 3507 emisit,
559 3436 762 3515 universisque
772 3433 887 3499 hostem
899 3436 996 3517 primo

51 3499 150 3585 impetu
169 3516 279 3584 viribus
296 3521 410 3603 inpulit.
438 3528 583 3585 commota
597 3520 728 3604 pedestri
744 3522 808 3584 acie
820 3521 994 3586 Samnitium
1007 3522 1037 3578 lt
1127 3516 1128 3523 ’
