2290 3920
262 232 355 276 nunna
369 236 447 277 xxm.
464 234 531 277 one.
546 224 589 276 22.
611 213 650 295 [a.
668 213 779 299 0.·111]
808 240 812 245 ·
837 226 840 231 “
941 223 1003 289 281

56 379 268 460 circumspectis
281 381 370 459 igitur
388 381 537 452 omnibus,
557 398 632 461 quae
647 381 764 443 icrtuna
778 387 929 462 potestatis
942 387 1005 447 eius

54 470 159 542 poterat
168 465 283 534 facere,
297 464 446 526 obsidibus
456 467 640 544 potissimum
652 465 801 527 tradendis
811 469 940 530 animum
953 470 1004 530 ad·

53 548 126 618 iecit,
140 566 205 612 carn
219 565 310 609 unam
321 566 386 608 rem
400 551 527 610 manime
542 557 623 610 ratus
635 548 854 611 conciliaturam
864 552 1004 614 Romanis

53 631 209 710 principum
225 632 384 710 Hispaniae
400 634 567 694 amicitiam.
598 632 651 694 sed
668 652 735 694 cum
750 634 863 695 iniussu
874 635 1033 697 Bostaristt

54 714 184 791 praetecti
198 717 270 776 satis
284 717 374 777 sciret
393 715 467 776 nihil
481 715 616 777 obsidum
629 717 764 778 custodes
787 717 916 780 iacturas
931 737 1003 790 esse,

53 796 195 859 Bostarem
217 801 316 879 ipsum
336 808 399 860 arte
419 800 598 878 adgreditur.
631 809 727 862 castra
746 809 829 862 extra
848 803 1004 863 urbemin
1015 809 1050 862 10
1136 838 1137 867 ;

52 880 108 959 ipso
125 880 212 944 litore
233 881 363 943 habebat
378 884 497 955 Bostar,
519 891 552 944 ut
571 883 680 945 aditum
704 903 737 945 ea
761 893 846 964 parte
866 886 1005 947 interclu-

55 962 127 1025 deret
140 966 291 1028 Romanis.
325 965 366 1026 ibi
378 986 445 1028 eum
459 969 491 1028 in
502 975 649 1031 secretum
661 968 819 1030 abductum
831 969 910 1031 velut
920 971 1004 1049 ignc-

54 1056 156 1110 rentem
176 1057 294 1121 monet,
316 1069 375 1129 quo
396 1058 472 1112 statu
493 1055 531 1112 sit
547 1069 612 1114 res:
633 1060 745 1114 metum
767 1055 946 1115 continuisse
968 1055 1045 1115 adll

55 1147 109 1193 cam
129 1134 207 1195 diem
223 1135 422 1214 Hispanorum
442 1137 572 1206 animos,
594 1138 662 1215 quia
683 1135 788 1216 procul
808 1138 933 1198 Romani
952 1137 1005 1200 ab·

55 1224 154 1288 cesent3
173 1232 255 1279 nunc
271 1220 314 1279 ois
328 1218 470 1280 Hiberum
488 1227 583 1281 castra
598 1220 730 1282 Romana
748 1239 826 1291 esse,
843 1238 942 1283 arcem
957 1229 1003 1283 tu·

54 1304 104 1360 nm
117 1302 344 1382 perfugiumque
363 1320 453 1363 novas
471 1303 637 1364 volentibus
652 1321 716 1365 res:
737 1306 837 1384 itaque
853 1323 927 1383 quus
941 1324 1003 1366 me·

55 1387 94 1442 tus
106 1401 163 1447 non
180 1393 298 1459 teneat,
314 1386 457 1446 beneflcio
470 1394 499 1446 et
512 1388 606 1465 gratia
617 1386 824 1448 devinciendos
839 1405 912 1448 csse.
947 1391 1047 1450 nri-12

54 1470 120 1527 ronti
135 1469 252 1532 Bostari
266 1471 544 1550 percunctantique,
556 1469 704 1549 quodnam
718 1469 749 1530 id
762 1469 890 1531 subitum
904 1477 1002 1532 tantae

54 1551 91 1608 rei
104 1552 209 1615 donum
225 1561 326 1633 posset
342 1544 421 1623 es's‘e,
438 1551 609 1625 ‚‚chsides“
620 1555 717 1633 inquit
737 1555 794 1624 „in
809 1554 940 1614 civitates
953 1572 1001 1615 re·
1014 1560 1047 1614 13

55 1633 140 1697 mitte:
162 1638 194 1698 id
208 1645 239 1699 et
257 1639 395 1718 privatim
410 1637 598 1717 parentibus,
623 1654 748 1717 quorum
762 1654 933 1698 maxumum
949 1655 1003 1697 no·

55 1730 113 1778 men
128 1722 159 1781 in
175 1721 341 1784 civitatibus
355 1728 400 1782 est
412 1723 487 1793 suis,
504 1729 533 1783 et
547 1721 664 1802 publice
678 1720 795 1800 populis
809 1727 924 1799 gratum
937 1723 1003 1782 erit.

53 1798 171 1871 cottum
182 1809 307 1886 qumque
319 1805 400 1875 credi
415 1814 444 1873 et
457 1805 556 1887 habita
568 1805 645 1887 ¹tides
655 1807 750 1887 ipsam
764 1803 938 1887 pierumque
951 1804 1002 1884 cb·
1015 1811 1047 1864 lc

54 1877 225 1971 1181111131.
253 1891 451 1951 ministerium
472 1888 721 1950 restituendorum
737 1887 840 1950 domos
857 1885 1004 1951 obsidium

7 2012 9 2019 ,
55 1962 317 2053 nririmetdeposco
330 1975 409 2052 ipse,
428 1981 460 2033 ut
475 1992 565 2053 opera
580 1992 697 2053 quoquc
713 1975 837 2053 inpensa
848 1973 1003 2035 consilium

7 2068 8 2071 ¹
55 2047 175 2115 adiuuem
196 2075 297 2118 meum
320 2064 350 2117 et
371 2058 416 2117 rei
435 2064 537 2137 suapte
557 2066 662 2119 natura
683 2058 938 2137 gratisquantam
958 2059 1004 2116 in-

53 2144 132 2209 super
145 2143 269 2216 gratiam
284 2142 395 2219 possim
405 2141 560 2201 adiciam.“
588 2143 701 2203 homini
715 2159 775 2202 non
787 2141 824 2201 ad
835 2147 933 2200 cetera
944 2139 1001 2199 Pu·
1014 2146 1048 2199 15

55 2214 111 2277 oica
131 2222 247 2300 ingenia
264 2223 370 2285 callido
391 2231 424 2284 ut
443 2228 604 2304 persuasit,
625 2232 713 2285 nocte
732 2223 808 2284 clam
828 2239 1004 2300 progressus
1066 2252 1068 2257 v

7 2318 9 2321 ’
55 2296 85 2356 td
98 2300 221 2369 bostium
237 2309 379 2383 stationes
394 2309 546 2368 conventis
561 2306 735 2386 quibusdam
750 2304 941 2368 auxiliaribus
951 2305 1002 2366 Hi·

55 2387 141 2457 spanis
156 2397 185 2450 et
204 2392 240 2455 ab
263 2393 311 2452 his
332 2392 368 2452 ad
385 2391 553 2470 Scipionem
575 2390 750 2470 perductus,
772 2389 842 2470 qnid
864 2388 1003 2459 adferret,

56 2475 199 2545 expromit,
216 2484 245 2536 et
259 2476 317 2537 fide
333 2482 452 2554 accepta
468 2474 592 2553 dataque
610 2492 645 2534 ac
657 2473 722 2534 loco
738 2481 767 2534 et
781 2482 915 2552 tempore
930 2490 1001 2534 con·
1014 2479 1048 2534 ld

56 2548 144 2614 11111113
159 2556 194 2617 ab
209 2559 327 2620 obsides
347 2558 507 2620 tradendos
522 2558 684 2637 Saguntum
705 2557 792 2618 redit.
827 2556 905 2616 diem
925 2558 1003 2616 inse·

57 2645 181 2705 tuentem
203 2643 366 2723 absumpsit
381 2662 447 2704 curn
462 2643 585 2704 Bostare
604 2640 749 2701 mandatis
766 2640 802 2700 ad
823 2657 887 2700 rem
912 2657 1002 2717 agen·

57 2709 114 2776 ‘lam
128 2723 312 2803 accipiendis.
345 2727 496 2797 dimissus,
522 2744 589 2786 cum
603 2743 635 2785 se
652 2732 739 2786 nocte
755 2726 878 2793 iturum,
903 2731 937 2784 ut
951 2741 1001 2784 cu·
1014 2731 1046 2782 1⁷

56 2799 153 2886 stadiae
165 2806 293 2871 hostium
311 2809 440 2881 ialieret,
456 2811 669 2879 conseruisset,
685 2807 722 2869 ad
737 2809 919 2888 conpositam
936 2826 1003 2868 cum
1136 2810 1137 2815 ’

56 2875 87 2968 {¹⁸
100 2881 199 2951 heram
214 2896 346 2955 excitatis
360 2894 530 2955 custodibus
544 2911 705 2972 puerorum
726 2893 892 2973 proiectus,
915 2891 1004 2952 veluti

59 2975 163 3034 tiburim
176 2975 206 3035 in
222 2986 410 3057 praeparatas
422 2996 473 3040 sua
488 2978 593 3038 iraude
604 2977 724 3037 insidias
741 2977 829 3038 ducit.
858 2978 890 3035 in
908 2984 1003 3036 castra
1013 2981 1073 3053 u.

57 3036 176 3139 lismona
194 3061 341 3137 perductI:
364 3070 462 3122 cetera
487 3063 585 3123 omnia
607 3061 643 3120 dc
664 3060 822 3122 reddendis
840 3058 1001 3126 obsidibus,

58 3138 124 3191 nent
139 3153 204 3202 cum
217 3144 339 3206 Bostare
355 3147 543 3206 constitutum
554 3151 639 3214 erat,
662 3153 726 3204 acta
741 3161 796 3222 per
811 3141 937 3202 eundem
953 3160 1002 3201 or·

59 3203 161 3294 dinem,
176 3242 233 3304 qno
245 3230 269 3288 si
278 3229 561 3306 Carthaginiensium
578 3229 696 3288 nomine
710 3228 753 3287 sic
765 3233 911 3304 ageretur.
937 3242 998 3285 ma·
1011 3231 1046 3284 19

58 3305 97 3350 ror
105 3297 245 3381 aliquanto
251 3313 451 3374 Romanorum
464 3314 558 3390 gratia
568 3313 624 3373 fuit
635 3312 664 3371 in
672 3329 706 3370 re
717 3312 783 3389 pari
793 3327 881 3389 quam
893 3318 1001 3389 quanta

58 3368 147 3464 futura
157 3388 437 3474 Carthaginiensium
450 3396 555 3457 iuerat.
578 3395 645 3455 illos
657 3396 735 3456 enim
747 3396 842 3473 gravis
857 3393 1002 3473 superbos
1043 3414 1047 3439 =
1136 3416 1137 3421 ¹

59 3466 86 3515 ¹¹¹
97 3463 181 3555 iebus
200 3481 338 3542 seeunms
352 3489 500 3565 expertos¹
509 3479 626 3541 fortuna
642 3487 672 3540 et
691 3480 780 3540 timor
795 3479 945 3556 mitigasse
960 3477 1001 3535 vi·
