2290 3920
285 247 380 304 mnu
392 251 423 291 x.
440 232 506 292 oar.
523 237 564 290 39,
579 227 619 312 [a.
635 232 669 293 O.
685 230 746 314 293]
840 277 842 280 ι
935 239 994 301 191

60 403 134 472 atque
147 394 314 473 octingenti,
330 405 414 477 capta
428 404 565 477 quattuor
580 397 659 459 milia
671 397 790 460 ducenti
802 401 995 480 septuaginta.
1142 472 1143 481 ἵ

2 552 3 555 ¹
58 476 175 556 Papirius
198 496 272 539 novo
297 482 489 542 exercitu-
515 481 556 542 lta
584 483 662 542 enim
690 480 842 545 decretum
869 491 932 546 erat
956 491 1029 542 -4
1142 488 1143 573 p

2 634 3 639 γ
57 564 152 641 scripto
162 561 317 624 Duroniam
331 564 437 626 urbem
453 567 637 645 expugnavit.
667 562 765 627 miuus
780 585 868 646 quam
884 566 994 646 collega

59 647 297 724 oepithominum,
320 647 387 729 plus
408 647 556 730 aliquanto
576 650 699 720 occidit;
723 650 833 729 praeda
855 648 993 730 opulenta

2 780 4 799 2
58 730 196 812 utrubique
216 740 261 793 est
279 741 373 814 parta.
415 733 484 794 inde
508 735 658 813 pervagati
678 734 829 796 Samnium
851 734 1025 805 consuleso
1142 746 1143 807 f

3 884 4 887 Ἴ
57 815 165 877 maxime
180 816 355 897 depopulato
370 819 485 880 Atinate
503 834 590 895 agro,
612 817 753 879 Carvilius
768 817 803 878 ad
821 818 995 888 Cominium,

57 896 173 977 Papirios
187 901 223 962 ad
237 900 437 983 Aquiloniam,
461 901 511 963 ubi
534 918 648 963 sumam
669 903 714 963 rei
726 902 905 963 Samnitium
923 910 994 973 erat,

3 1038 4 1047 ,
57 986 179 1059 peruenit.
215 984 257 1046 ibi
271 985 455 1066 aliquamdiu
476 1003 533 1046 nec
548 993 694 1048 cessatum
712 985 748 1048 ab
764 988 854 1048 armis
878 993 922 1048 est
942 993 1025 1046 neo
1142 1028 1143 1063 3

58 1081 101 1142 qne
119 1070 226 1130 naviter
245 1077 424 1149 pugnatum
450 1066 622 1131 lacessendo
643 1071 771 1150 quietos,
791 1069 996 1140 resistentibus

4 1172 5 1225 j
57 1148 170 1212 cedendo
183 1153 448 1233 comminandoque
469 1155 563 1232 magis
583 1171 670 1234 quam
691 1154 848 1216 inferendo
867 1171 997 1234 pugnarn

4 1306 6 1309 Υ
57 1230 107 1294 dies
116 1234 329 1298 absumebatur.
349 1235 429 1313 quod
438 1234 716 1315 cum*inoiperetur
726 1239 995 1318 remittereturque,
1142 1302 1143 1311 ,

57 1319 167 1380 omnium
184 1338 286 1382 rerum
308 1322 396 1382 etiam
416 1338 572 1401 parvarum
596 1328 717 1382 eventus
738 1322 946 1400 proferebatur
965 1324 1025 1382 in7
1142 1394 1143 1399 γ

57 1397 113 1462 dios.
143 1403 231 1466 altera
258 1404 390 1465 Romana
412 1413 521 1473 castra,
547 1421 622 1483 quae
642 1405 745 1482 viginti
765 1405 878 1466 milium
900 1408 995 1486 spatio
1142 1452 1143 1463 ,

56 1481 174 1558 aberant,
200 1497 229 1550 et
250 1487 381 1549 absentis
401 1486 531 1566 collegae
551 1487 672 1549 consilia
695 1487 832 1549 omnibus
858 1489 996 1566 gerendis
1095 1517 1104 1530 ·

55 1566 199 1634 intererant
209 1571 314 1641 rebus,
339 1573 538 1652 intentiorque
556 1569 711 1640 Carvilius,
733 1589 791 1652 quo
809 1572 920 1631 maiore
937 1571 994 1632 dis·

2 1732 3 1735 Ἴ
56 1651 160 1715 crimine
171 1673 219 1718 res
230 1654 417 1727 venenatur,
432 1658 463 1716 in
474 1654 658 1736 Aquiloniam
673 1673 760 1734 quam
772 1654 808 1717 ad
820 1655 993 1727 Cominium,

55 1737 117 1812 quod
136 1738 304 1809 obsidebat,
327 1747 399 1801 erat
449 1740 482 1800 L.
504 1739 544 1800 Pa
566 1741 639 1800 irius
679 1741 706 1799 ia
784 1756 816 1798 er
835 1741 914 1799 omu’
977 1739 1025 1799 do
1142 1762 1143 1771 ¹

55 1816 232 1914 dimicandum
245 1824 317 1884 satis
330 1830 466 1902 paratus,
482 1824 648 1885 nuntiuma
703 1848 709 1876 ι
744 1847 768 1894 '2
781 1864 784 1874 ·
800 1848 815 1871 ⁵·
841 1849 856 1877 n
944 1825 994 1865 ·''·

143 1933 147 1961 Ι
233 1932 441 1961 ““Η““Ι
555 1932 995 1961 Ι·.“,1,·“ιι.

83 2002 97 2044 r
225 1999 306 2060 oste;
328 2007 402 2071 opus
423 2009 489 2052 esse
511 1998 540 2052 et
557 1988 784 2072 illum‚‘quauta
806 2010 943 2053 maxuma
969 1993 1024 2052 vin
1142 2006 1143 2037 1

54 2081 150 2145 posset,
166 2074 332 2137 Cominium
348 2092 534 2154 oppugnare,
550 2093 588 2135 no
604 2075 846 2156 quidlaxamenti
859 2077 897 2136 sit
913 2076 994 2137 Sam·

6 2220 7 2223 Ἴ
54 2153 146 2219 ritibus
162 2159 198 2220 ad
219 2158 351 2221 subsidia
365 2158 556 2238 Aquiloniam
569 2159 720 2221 mittenda.
768 2158 846 2220 diem
868 2157 905 2219 ad
925 2165 1036 2236 pro-lt

54 2233 223 2305 leiscendum
239 2243 363 2304 nuntius
375 2242 492 2313 labaim
508 2248 595 2304 nocte
607 2243 708 2313 rediit,
726 2240 891 2321 adprobare
907 2240 995 2301 colle-
1142 2248 1143 2251 ’

55 2335 107 2394 gan
126 2328 256 2390 consulta
276 2326 418 2387 referens.
462 2327 597 2407 Papirius
614 2328 717 2387 nuntio
738 2326 828 2386 misso
847 2323 992 2405 extemplo
1006 2331 1035 2382 11
1142 2346 1143 2349 ¹

2 2437 3 2441 =
55 2408 340 2479 tantummodum
354 2410 445 2472 multa
461 2410 497 2471 de
517 2411 654 2472 universo
677 2426 787 2488 genere
801 2407 884 2480 belli,
905 2408 996 2470 multa

55 2484 83 2546 de
94 2497 235 2569 praesenti
256 2495 384 2557 hostium
401 2500 557 2574 apparatu,
581 2510 654 2554 vana
675 2494 768 2572 magis
787 2494 887 2572 specio
907 2511 995 2572 quam

56 2569 148 2636 efficaci
163 2578 198 2638 ad
222 2586 375 2649 eventum,
398 2577 549 2638 disseruit:
571 2581 730 2638 nonenim
752 2577 855 2636 oristas
873 2575 995 2636 uulnera
1006 2584 1037 2634 12
1142 2620 1143 2657 3

3 2710 4 2715 ,
55 2649 149 2731 iacere,
168 2668 198 2721 et
210 2681 266 2742 per
280 2663 358 2742 picta
372 2671 459 2741 atque
474 2668 575 2723 aurata
588 2666 670 2721 scuta
691 2660 816 2720 transire
831 2659 995 2720 Romanum

55 2736 139 2812 pilum,
152 2753 181 2806 et
187 2746 316 2808 candore
327 2748 493 2807 tunicarum
506 2742 666 2824 fulgentem
676 2745 778 2814 aciem,
790 2743 841 2804 uhi
854 2761 904 2804 res
913 2743 995 2805 ferro

55 2833 173 2898 geratur,
188 2832 346 2894 cruentari.
379 2847 498 2891 auream
514 2828 583 2890 olim
598 2837 685 2908 atque
696 2834 866 2908 argenteam
879 2827 992 2888 Samni·
1005 2835 1037 2886 13

54 2903 114 2967 tium
128 2914 217 2974 aciem
233 2933 254 2974 a
263 2922 386 2994 parente
405 2932 458 2974 suo
474 2914 626 2976 occidione
637 2915 778 2984 occisam,
794 2912 946 2993 spoliaque
962 2930 995 2973 ea

54 2981 205 3057 honestiora
224 2998 330 3059 victori
351 2998 428 3059 hosti
451 3016 538 3078 quam
560 2998 632 3077 ipsis
653 3016 734 3059 arma
752 2997 852 3060 fnisse.
887 2996 993 3095 Q
1005 3003 1036 3053 lt

54 3065 101 3132 loo
114 3075 140 3138 fo
188 3099 262 3141 nno
349 3080 476 3143 familiae
498 3100 534 3141 ue
551 3100 621 3144 suae
652 3089 685 3142 ut
698 3081 837 3141 adversus
851 3096 994 3140 mammos

55 3166 162 3223 conatus
200 3166 303 3226 amniti
368 3185 385 3227 o
427 3173 588 3226 onerentur
786 3165 793 3179 '

54 3231 167 3324 Qu
188 3264 262 3391 qum
277 3250 402 3393 inslqnia
418 3268 456 3393 pu
490 3249 544 3324 icis
559 3250 647 3327 etiam
662 3247 734 3310 locis
753 3247 882 3308 decoran
902 3263 928 3325 pq
948 3263 994 3318 eg·

55 3330 117 3399 Q.
139 3327 193 3390 deo
218 3342 343 3395 mmorta
355 3351 411 3394 esa
432 3351 497 3393 esse
508 3340 630 3413 propter
641 3339 750 3394 totiens
763 3348 801 3410 pe
825 3338 854 3392 ta
873 3329 990 3401 oedem,
1004 3338 1037 3389 lo

55 3405 148 3470 nuens
164 3421 262 3493 rupta:
278 3425 354 3487 tum,
376 3414 993 3498 wwfflttlwflfls-fflwi

55 3485 116 3549 nulli
137 3511 271 3577 umquam
293 3501 435 3563 exercitui
454 3502 544 3562 fuisse
558 3500 738 3573 infestiores,
757 3519 845 3580 quam
866 3501 915 3581 qni
942 3516 992 3558 ne·
1005 3503 1037 3555 lo
