2350 3922
156 235 218 299 348
350 249 444 293 uraca
457 248 548 291 xxur.
564 246 633 290 oar.
648 234 691 288 29.
706 224 745 307 [a.
756 248 789 288 u.
801 249 826 287 c.
841 222 902 307 538]

159 396 287 457 mediam
303 397 396 456 aciem
411 396 548 474 Hispanis
562 395 673 463 firmam
694 395 726 454 in
747 393 899 463 cornibus,
919 391 1016 452 dextro
1029 391 1091 451 Poe·

157 497 212 540 nos
225 478 318 548 locat,
338 478 422 540 laevo
436 479 523 540 Ainos
537 478 869 556 mercennariorumque
889 474 1004 543 auxilia;
1024 476 1091 553 equi·

157 570 217 623 tum
232 563 373 624 Numidas
387 563 556 624 Poenorum
570 561 730 641 peditibus,
753 568 866 621 ceteros
881 561 950 621 tiro
969 576 1020 638 pro
1039 575 1090 618 cor·

128 646 244 708 onibus
256 648 384 727 apponit.
414 664 470 707 nec
482 664 585 708 omnes
596 644 896 707 Numidaeindextro
910 643 995 704 locati
1006 659 1090 710 comu

157 731 210 792 sed
225 729 332 810 quihus
347 729 529 793 desultorum
539 731 574 793 in
586 729 708 790 modum
723 728 809 789 binos
824 726 1005 789 trahentibus
1018 742 1092 806 equos

156 817 235 875 inter
258 817 432 877 acerrimam
459 831 547 894 saepe
569 829 698 893 pugnam
719 814 750 872 iu
773 819 923 873 recentem
948 828 1046 889 equum
1065 826 1092 868 ex

158 897 235 959 lasso
259 900 378 959 armatis
397 897 576 958 transultare
596 915 661 957 mos
680 903 756 957 erat:
780 903 863 969 tanta
884 895 1017 956 velocitas
1036 893 1093 972 ipsis

127 988 274 1061 ctamque
288 981 383 1042 docile
397 998 540 1061 equorum
556 988 718 1058 qepusest.
750 997 817 1041 cum
831 979 890 1040 hoc
903 997 954 1041 mo
974 985 1091 1038 omanu-

54 1022 113 1115 7<
157 1084 174 1125 c
210 1084 225 1126 s
255 1083 308 1126 ren
328 1112 336 1135 ‚
354 1081 469 1142 impera
481 1082 566 1125 orum
580 1065 734 1143 utriusque
749 1065 842 1142 partis
857 1063 1035 1125 handierme
1048 1060 1092 1120 die

153 1167 242 1227 pares
262 1167 329 1226 spes
350 1155 450 1208 erant:
474 1164 541 1208 nam
569 1164 608 1207 ne
625 1146 750 1208 multum
774 1146 896 1227 quidem
924 1152 973 1207 aut
990 1160 1093 1205 numero

157 1239 207 1293 aut
222 1249 332 1309 genere
346 1230 473 1293 militum
488 1230 521 1291 hi
535 1237 585 1291 aut
595 1229 639 1292 illi
649 1226 853 1310 praestabam
906 1232 913 1246 '
928 1231 934 1246 '

128 1314 256 1399 tdispar
271 1317 386 1376 animus
401 1322 474 1390 etat.
897 1334 935 1377 ua

153 1732 246 1794 altera
269 1737 362 1805 acies,
478 1735 606 1794 maxima
650 1750 697 1793 ars
784 1733 833 1793 ani
856 1740 945 1793 erant

65 1796 189 1897 “lado
197 1817 335 1898 Hispania
347 1816 434 1903 quam
446 1818 572 1893 victores
582 1819 613 1876 in
626 1815 738 1889 Italiam
751 1815 828 1887 ltdhl
838 1815 917 1886 male
939 1823 996 1876 ant.
1015 1812 1092 1891 prlmt

155 1900 246 1976 igitur
260 1917 420 1968 concursu,
437 1918 504 1961 oum
519 1901 566 1960 vix
581 1899 640 1979 pila
658 1901 790 1961 coniecta
806 1906 922 1970 essent,
939 1895 1090 1971 rettuhtpe

155 1982 223 2044 dem
238 1981 334 2043 media
347 1984 432 2053 acies,
448 1983 702 2062 inferentibusque
712 2001 745 2044 se
760 2000 868 2061 magno
883 1984 995 2062 impetu
1005 1981 1090 2041 nonr-

113 2068 202 2126 10nis
220 2068 308 2126 vertit
321 2073 413 2144 terga.
444 2066 536 2127 nihilo
549 2067 668 2143 segnius
684 2070 715 2128 in
730 2065 870 2129 cornibus
887 2064 1029 2145 proelium
1043 2059 1089 2120 tuit

154 2150 224 2211 hine
240 2150 371 2220 Poenus,
392 2151 462 2210 hino
476 2149 546 2210 tter
564 2157 664 2227 urget,
685 2156 715 2211 et
738 2150 817 2213 velut
840 2151 872 2210 in
901 2150 1091 2211 circumventor
1137 2152 1138 2223 t

113 2241 143 2292 11
156 2233 270 2314 proelio
285 2235 405 2313 ancipiti
427 2240 568 2313 pugnant.
606 2234 659 2295 sed
675 2252 742 2296 cum
766 2236 798 2294 in
820 2233 952 2297 medium
974 2237 1030 2292 tota
1047 2227 1089 2284 itm

156 2319 263 2378 coisset
276 2319 409 2379 Romana
424 2319 518 2387 acies,
533 2319 605 2379 satis
621 2319 727 2380 virium
743 2316 779 2378 ad
795 2316 970 2381 dimovenda
984 2312 1089 2375 hostium

114 2406 148 2458 12
159 2418 270 2462 cornua
291 2401 410 2462 hebuit:
438 2403 478 2462 ita
506 2401 564 2462 duo
586 2401 700 2480 drvqpqa
719 2399 831 2481 pqloela
855 2408 951 2487 erapt.
987 2402 1089 2470 utroqut

156 2484 296 2554 Romani,
317 2492 351 2545 ut
372 2487 422 2564 qui
442 2503 462 2563 p
495 2503 535 2547 sis
556 2503 614 2547 ram
630 2493 698 2547 ante
712 2503 761 2546 me
781 2486 816 2545 iis
831 2492 861 2545 et
876 2499 1001 2545 numero
1017 2485 1089 2539 otro·

113 2567 230 2628 labore
245 2570 376 2629 virorum
397 2576 595 2647 praestarent,
617 2569 695 2630 haud
715 2567 803 2629 dubie
821 2574 974 2644 superant.
998 2571 1094 2661 mcxli.

158 2653 202 2711 vis
226 2651 327 2735 hqqp'm
328 2669 378 2712 um
403 2651 446 2712 ihi
471 2652 582 2721 occisa,
610 2660 653 2723 et,
676 2653 733 2711 nisi
760 2651 881 2730 hispani
902 2648 1017 2711 vixdum
1035 2655 1086 2702 con·
1136 2708 1137 2711 ,

74 2775 77 2780 -
155 2741 235 2795 serto
250 2734 364 2811 proeho
379 2742 468 2796 tame
511 2752 542 2795 se
569 2737 713 2812 ugissent
728 2735 870 2813 perpauci
883 2751 919 2794 ex
934 2739 993 2792 tota
1006 2738 1086 2802 uiper-
1136 2738 1137 2787 f

114 2818 283 2878 latuissent
297 2819 369 2879 acie.
399 2819 543 2897 equestris
557 2836 655 2896 pugna
676 2817 755 2879 nulla
770 2816 926 2878 admodum
942 2816 1007 2883 tuit,
1027 2806 1086 2887 quii»
1136 2810 1137 2887 l

156 2899 244 2961 simul
257 2899 427 2963 inclinatam
446 2900 573 2961 mediam
591 2902 685 2962 aciem
699 2901 793 2962 hlauri
809 2899 1008 2977 Numidaeque
1025 2887 1085 2951 vide·

156 2991 241 3053 runt,
264 2982 412 3062 extemplo
434 2984 503 3061 tuga
526 2983 615 3046 effusa
637 2982 715 3045 nuda
736 3001 844 3044 cornua
862 2980 1018 3061 elephantis
1031 2986 1085 3064 qur

116 3076 147 3128 to
159 3087 216 3148 que
226 3084 298 3147 prae
312 3084 344 3126 se
359 3068 430 3127 actis
446 3067 614 3128 deseruere.
646 3074 675 3127 et
688 3065 866 3136 Hasdrubal,
883 3081 974 3144 usque
990 3059 1022 3121 ad
1035 3051 1084 3116 ulit·

156 3169 238 3211 mum
250 3157 384 3211 eventum
399 3167 515 3230 pugnae
530 3157 670 3219 moratus,
688 3150 816 3211 emedio
827 3148 915 3211 caede
927 3163 990 3208 cum
1004 3134 1085 3222 paucis
1135 3198 1136 3245 1

115 3231 267 3308 loellugit.
296 3240 392 3294 castra
407 3233 532 3295 Romani
546 3251 653 3295 ceere
665 3242 753 3295 atue
764 3234 821 3294 diri
842 3251 920 3331 uere.
947 3233 1084 3308 paphum,

126 1651 571 1722 &nimiruum-titinium
590 1651 688 1711 minus
706 1650 873 1748 pertinaces
895 1650 974 1709 viros
987 1641 1091 1744 habehat
