2290 3920
282 302 285 305 Ι
316 278 321 285 ,
374 242 468 284 aman
481 242 544 286 m.
562 242 628 284 oar.
644 230 670 284 5.
686 232 713 283 d.
963 227 1025 290 209

15 408 16 451 3
83 388 170 458 tuere,
192 390 297 452 invicta
312 392 403 461 acies,
427 394 453 451 si
473 408 565 469 aequo
582 388 771 451 dimicaretur
787 408 899 470 campo.
925 393 1022 471 itaque
1035 364 1088 448 12}

84 478 109 532 et
121 473 234 551 ingenio
247 473 360 535 feroces
376 482 406 534 el
425 473 610 536 multitudine
624 474 694 534 freti
708 482 752 546 et,
774 473 852 555 quod
866 482 946 537 metu
960 494 1024 536 ces·
1080 464 1086 531 ἔ

82 556 144 616 sisse
154 556 311 619 eredebant
323 558 453 630 hostem,
468 556 499 618 id
511 559 624 621 morari
634 560 786 619 victoriam
800 560 872 628 rati,
889 560 968 638 quod
980 561 1024 620 in·
1081 540 1088 591 ¹

82 646 194 703 lenset
204 643 311 712 amnis,
328 641 459 703 clamore
469 640 584 705 sublato
594 643 704 721 passim
715 644 780 703 sine
791 641 878 703 dhus
888 644 1022 722 imperio,
1085 598 1092 681 ι

81 740 128 801 qua
141 726 243 804 cuique
259 727 425 805 proximum
441 733 500 796 est,
523 728 555 786 in
577 743 693 789 amnem
710 733 809 787 ruunt.
837 733 866 787 et
883 744 919 786 ex
938 735 1021 804 parte
1035 733 1067 784 13

81 805 160 868 altera
174 809 255 889 ripae
269 811 312 871 vis
325 811 430 888 ingens
442 811 573 890 equiturn
586 810 743 872 indumen
758 811 894 879 inmissa,
910 809 1022 873 medio·
1080 838 1091 899 ιι

79 907 127 969 que
137 890 215 955 alveo
225 893 448 973 haudquaquam
461 895 526 973 pari
536 894 700 955 certamine
707 912 897 963 coneursum,
913 894 1022 972 quippe
1033 900 1084 967 143

79 972 121 1034 ubi
134 976 221 1054 pedes
235 976 381 1039 instabilis
395 994 429 1039 ac
442 979 490 1038 rix
500 976 574 1038 vado
587 977 682 1040 fidens
695 977 741 1039 rel
751 976 789 1039 ab
804 979 912 1039 inermi
927 979 1024 1056 equite
1079 972 1086 1041 ἰ

12 1124 13 1127 ¹
80 1074 144 1137 equo
154 1067 265 1122 temere
277 1069 344 1123 acto
358 1061 487 1140 perverti
500 1070 614 1140 posset,
630 1079 720 1142 eques
735 1080 860 1142 corpore
875 1064 1024 1140 armisque
1080 1048 1089 1145 ξ

79 1138 155 1214 liber,
174 1162 249 1225 equo
260 1143 307 1207 rel
318 1163 374 1226 per
383 1145 497 1207 medios
508 1147 639 1223 gurgites
650 1144 762 1216 stabili,
776 1148 941 1209 comminus
952 1147 1023 1206 emi·
1085 1154 1093 1229 ξ

79 1241 178 1306 rusque
194 1247 258 1291 rem
278 1238 406 1308 gereret.
433 1247 503 1309 pars
514 1246 621 1306 magna
635 1230 756 1292 flumine
773 1230 940 1311 absumpta;
959 1232 1066 1310 qui-ln
1084 1234 1092 1325 ξ

79 1307 135 1372 dam
154 1314 298 1374 verticoso
320 1314 400 1375 amni
414 1311 504 1374 delati
517 1314 554 1393 >in
575 1313 668 1374 hostis
688 1313 725 1374 ab
741 1314 906 1392 elephantis
922 1314 1025 1375 obtriti
1083 1338 1090 1359 ‹

78 1403 142 1455 scut.
167 1399 319 1475 postremi,
335 1396 442 1476 quibus
451 1413 605 1475 regressus
614 1397 646 1456 in
656 1414 739 1459 suam
750 1399 846 1475 ripam
856 1400 948 1459 tutior
958 1398 1020 1466 fuit,
1033 1402 1067 1455 16
1082 1370 1090 1439 ἶ

78 1491 108 1537 er
125 1482 200 1542 varia
217 1479 416 1561 trepidatione
431 1497 498 1542 cum
522 1482 553 1539 in
571 1496 665 1540 unum
679 1479 902 1558 colligerentur,
928 1483 1023 1559 prius·
1087 1478 1095 1563 ζ

78 1576 154 1638 wem
170 1582 187 1624 a
202 1572 286 1626 tanto
300 1582 409 1645 pavore
424 1564 594 1642 reciperent
603 1564 731 1634 animoa,
749 1562 896 1627 Hannibal
906 1565 1023 1641 agmine
1094 1624 1099 1639 ,

9 1716 11 1721 .
77 1645 205 1721 madente
226 1666 345 1711 amnem
362 1650 513 1725 ingressus
531 1647 633 1725 lugam
652 1665 688 1709 ex
703 1649 768 1727 ripa
787 1647 871 1717 lecit,
892 1648 1023 1707 vastatis·

77 1742 124 1804 que
138 1734 214 1810 egris
227 1735 309 1793 intra
322 1749 433 1811 paucos
446 1731 510 1794 dies
523 1731 703 1810 Carpetanos
719 1748 836 1811 quoque
850 1732 882 1792 in
898 1729 1020 1792 deditio·

77 1826 134 1874 nern
149 1818 269 1897 aceepit.
300 1823 331 1876 et
343 1816 402 1876 iarn
418 1816 516 1877 omnia
532 1821 613 1877 trans
622 1814 765 1881 Hiberum
778 1822 897 1896 praeter
905 1816 1020 1894 Sagun·
1033 1819 1064 1871 17

8 1944 24 1973 „
76 1892 142 1956 linos
154 1898 439 1978 Carthaginiensium
454 1907 548 1960 erant

11 2020 12 2023 =
128 1981 172 2043 vl.
206 1984 281 2046 Cum
304 1983 473 2061 Saguntinis
496 1981 607 2047 bellum
630 1983 762 2047 nondum
788 1994 866 2057 erat,
893 1987 1050 2048 ceterum!

75 2060 125 2123 iam
143 2065 210 2128 belii
232 2084 321 2129 causa
336 2069 498 2129 mannum
517 2085 584 2130 com
604 2069 736 2130 finitimis
750 2068 939 2140 serebantur,
962 2088 1024 2131 ma·

76 2160 151 2209 tunae
163 2150 349 2212 Turdetanis.
383 2150 568 2230 quibuscum
579 2151 695 2214 adesset
714 2152 808 2224 idem,
824 2154 876 2233 qui
888 2152 948 2214 litis
961 2156 1052 2212 erat2

75 2238 157 2303 nator,
174 2252 230 2296 nec
240 2241 394 2297 certamen
402 2235 489 2305 iuris,
505 2235 626 2296 sedum
637 2238 741 2315 quaeri
752 2243 922 2315 appareret,
936 2234 1024 2313 iegati

76 2314 263 2394 aSagununts
273 2318 398 2379 Romam
417 2319 501 2379 misai
521 2318 661 2380 auxilium
676 2319 713 2379 ad
733 2318 843 2380 bellum
865 2321 924 2380 iam
945 2319 1023 2380 baud

76 2392 153 2460 duta
168 2403 318 2464 inminens
339 2409 467 2463 orantes.
509 2400 645 2464 consules
665 2410 737 2463 tunc
755 2402 865 2464 Romae
884 2411 969 2467 erant
990 2403 1052 2465 Ha

76 2478 216 2547 Cornelius
230 2486 331 2564 Scipio
347 2493 376 2546 et
391 2485 436 2547 Ti.
453 2485 646 2563 Sempronius
661 2486 789 2564 Longus.
822 2487 873 2565 qui
891 2504 959 2548 cum
981 2486 1024 2547 le-

76 2566 140 2638 galis
150 2569 181 2629 in
194 2576 329 2632 senatum
346 2568 520 2630 introductis
532 2569 569 2629 de
584 2586 618 2629 re
633 2567 751 2648 publica
765 2569 948 2641 retulissent,
961 2570 1023 2648 pla·

76 2648 229 2733 tuissetque
242 2654 322 2715 mitti
341 2653 454 2732 legatos
464 2654 495 2713 in
509 2651 679 2732 Hispaniam
694 2651 731 2713 ad
745 2669 795 2713 res
814 2655 963 2717 sociorum
977 2655 1023 2712 in-

75 2732 243 2808 spiciendas,
266 2736 373 2819 quibus
387 2738 413 2800 si
427 2736 577 2798 rideretur
594 2736 682 2815 digna
697 2754 800 2808 causa,
822 2747 851 2798 et
865 2736 1052 2799 Hannibalis

77 2809 289 2892 denuntiarent,
305 2828 339 2883 ut
353 2820 390 2883 ab
402 2821 586 2900 Saguntinis,
602 2822 689 2882 sociis
701 2819 803 2901 populi
816 2821 955 2893 Romani,
972 2821 1023 2883 ab·

76 2897 203 2974 stineret,
218 2912 248 2966 et
256 2905 464 2983 Carthaginem
475 2907 507 2967 in
516 2903 645 2967 hiricam
658 2907 818 2969 traicerent
829 2924 864 2967 ac
875 2908 1024 2969 sociorum

77 2985 167 3062 populi
188 2987 313 3051 Romani
330 2991 531 3069 querimonias
553 2989 718 3063 deferrent,
742 3024 778 3036 -
802 2989 857 3052 hae
878 2990 1051 3069 legationen

77 3061 184 3132 decreta
205 3074 331 3135 necdum
351 3075 456 3142 missa,
485 3075 617 3136 omnium
644 3092 696 3154 spe
716 3072 841 3139 celerius
861 3073 1023 3151 Saguntum

78 3158 233 3231 oppugant
242 3157 371 3219 adlatum
383 3164 436 3218 est.
465 3166 535 3219 tuno
545 3157 639 3217 relata
655 3156 691 3218 de
704 3159 820 3234 integro
832 3174 881 3217 res
891 3156 928 3217 ad
939 3164 1052 3217 sena-6

78 3233 147 3303 illm:
163 3246 192 3300 et
203 3239 251 3300 alii
260 3242 427 3321 provincias
439 3239 608 3302 consulibus
616 3241 784 3320 Hispaniam
797 3251 884 3319 atque
895 3239 1024 3302 Africam

78 3310 258 3385 decernentes
272 3333 353 3386 terra
367 3327 502 3404 marique
522 3343 587 3386 reru
604 3324 764 3403 gerendam
780 3323 954 3393 censebant,
977 3323 1026 3386 alii

78 3400 160 3463 iilum
182 3406 214 3465 in
228 3406 397 3489 Hispaniam
411 3407 664 3489 Hannibalemque
688 3409 877 3471 intenderant
898 3408 1023 3475 bellurn:

78 3491 280 3565 erantquinon
297 3501 411 3554 temere
426 3493 601 3555 movendam
612 3512 675 3555 rem
691 3501 803 3557 mutam
813 3491 1053 3575 expectandos-7

114 3594 138 3630 r·
155 3600 215 3638 urar
233 3605 301 3644 raes
319 3608 353 3645 11.
778 3585 818 3644 14
