2290 3920
162 241 224 305 268
357 254 451 299 aman
464 255 541 297 xxn.
554 253 622 295 ona.
638 241 670 294 8..
677 240 703 291 a.
723 229 763 314 [a.
775 252 806 294 u.
823 255 848 294 e.
862 228 926 312 537]

134 414 249 463 toansa
260 402 354 480 magis
364 419 451 480 mam
463 400 557 462 valido
573 402 689 479 gravior
700 392 872 469 sentiretur,
887 400 927 459 ita
937 408 996 459 tum
1007 414 1096 476 aegrae

163 493 192 546 et
207 484 463 546 adloctaecivitati
476 484 681 564 quodcumque
698 483 812 544 adversi
826 480 977 558 inciderit,
993 500 1048 541 non
1060 499 1096 540 re·

162 587 227 629 rum
243 568 452 646 magnitudine,
468 568 521 629 sed
540 565 649 629 viribus
667 567 838 637 extenuatio,
854 584 929 644 quae
946 564 1025 636 nihil,
1035 564 1095 643 quod

133 652 350 730 badgravaret,
376 654 437 731 pati
460 659 595 730 possent,
620 649 833 711 aestimandum
852 668 938 710 esses
960 651 1051 727 itaque
1070 646 1095 707 ad

162 735 326 796 remedium
352 735 488 796 iamdiu
514 752 610 815 neque
638 734 836 795 desideratum
862 750 918 793 nec
947 731 1095 798 adhibitum,

163 819 336 880 dictatorem
360 817 530 890 dicendum,
552 820 652 879 civitas
671 817 812 895 conldglt
842 825 871 876 et
890 819 957 896 quia
973 823 1002 877 et
1015 812 1096 875 consul

162 901 276 974 aberat,
299 920 388 981 aquo
403 919 463 962 uno
477 902 536 963 dici
554 919 642 981 posse
661 899 830 970 videbatur,
851 917 909 960 nec
928 917 981 980 per
994 913 1096 976 occupa·
1125 914 1126 959 ;

161 995 221 1047 tam
247 986 338 1046 armis
357 985 476 1046 Punicis
501 985 613 1047 ltaliam
637 983 723 1047 lacilo
748 992 813 1045 erat
839 993 890 1044 aut
915 984 1041 1044 nuntium
1061 987 1096 1042 aot

133 1069 273 1130 blitteras
284 1069 373 1138 mitti,
389 1086 444 1128 nec
456 1069 628 1129 dictatorem
643 1066 769 1146 populus
780 1084 884 1128 creare
899 1073 1026 1146 poterat,
1038 1062 1095 1144 quod
1124 1122 1126 1131 ,

161 1168 322 1230 numquam
337 1158 405 1211 ante
421 1169 486 1212 eam
501 1150 580 1211 diem
593 1152 704 1212 lactum
720 1158 799 1222 erat,
820 1149 1046 1226 prodictatorem
1058 1165 1095 1226 po·
1124 1200 1126 1203 .

160 1234 248 1313 pulus
267 1235 377 1294 creavit
391 1233 425 1305 Q.
444 1233 567 1295 Fabium
581 1235 739 1296 Maximum
754 1241 783 1294 et
801 1234 976 1312 magistrum
992 1233 1094 1311 equilen
1124 1270 1126 1273 ·

132 1318 199 1379 ill.
213 1317 374 1379 Minucium
388 1315 511 1387 Rulom;
534 1317 638 1398 hisque
658 1319 808 1396 negotium
831 1317 868 1378 ab
893 1325 995 1379 senatu
1008 1317 1093 1379 daton
1124 1288 1126 1385 l

159 1409 194 1462 ut
211 1419 312 1463 muros
333 1408 489 1481 turresque
505 1400 588 1462 urbis
605 1402 758 1485 firmarent
768 1409 805 1462 et
822 1402 971 1480 praesidia
986 1401 1093 1479 dispone·
1124 1390 1126 1471 l

160 1492 238 1557 rent,
255 1483 363 1566 quibus
373 1483 445 1546 locls
459 1485 616 1555 videretur,
632 1493 795 1564 pontesque
806 1484 1012 1546 rescinderent
1023 1480 1093 1543 iloni·
1124 1480 1126 1493 ¹

161 1587 247 1631 unm:
273 1588 329 1649 pro
349 1568 424 1629 urbe
445 1586 479 1629 ac
502 1568 657 1648 penatibus
677 1568 978 1643 dimicandnmesse,
1004 1561 1093 1647 quando
1124 1576 1126 1615 ἕ

159 1652 272 1714 ltaliam
289 1653 366 1713 tueri
379 1653 559 1731 nequissent.
752 1710 753 1713 ,

136 1743 149 1792 1
221 1736 270 1797 lX.
301 1735 447 1797 Hannibal
472 1743 555 1797 recto
581 1736 687 1796 itinere
713 1752 767 1814 per
786 1734 943 1796 Umbriam
967 1725 1092 1813 usquead

133 1817 325 1897 aspoletium
344 1821 432 1879 venit.
462 1818 618 1880 indacum
641 1816 834 1898 perpopulato
855 1836 930 1897 agro
950 1817 1091 1889 orbenofr

159 1917 292 1979 pugnare
311 1900 431 1963 adortus
445 1909 539 1971 esset,
560 1920 627 1963 cum
648 1919 754 1980 magna
769 1902 860 1962 caede
884 1920 1004 1965 suorum
1019 1890 1090 1977 repul·

159 2001 224 2053 sos,
241 1985 409 2044 coniectans
422 2003 458 2045 ex
473 1987 561 2046 uniua
569 1983 702 2046 coloniae
717 1985 796 2046 haud
811 1984 966 2067 [mimine]
979 1992 1092 2064 prospere

131 2073 317 2146 atemptatae
332 2066 456 2137 viribus,
478 2075 586 2147 quanta
602 2068 696 2130 moles
710 2068 861 2130 Romanae
876 2068 961 2130 urbis
976 2072 1054 2134 esset,
1071 2060 1091 2119 ll

106 2172 109 2203 z
160 2169 263 2230 agrum
277 2148 419 2214 Picenum
434 2152 540 2213 avertit
558 2153 616 2212 iter
630 2169 690 2213 non
705 2153 790 2232 eopia
805 2151 904 2213 solum
918 2144 1090 2227 omnisffe'llb

160 2237 200 2295 ris
212 2236 331 2315 tragum
341 2233 555 2307 abundantem,
571 2236 624 2296 sed
635 2234 777 2296 refertum
789 2236 917 2315 praeda,
934 2229 1090 2316 quametue

131 2318 236 2379 sandi
251 2327 338 2399 atque
357 2326 476 2398 egentes
492 2317 656 2399 rapiebant.
682 2318 724 2380 ibi
746 2336 801 2397 per
815 2319 877 2380 dies
895 2320 1004 2400 aliquot
1016 2312 1110 2375 naara·

159 2401 273 2473 habita,
287 2403 475 2482 refectusque
486 2402 570 2464 miles
581 2402 714 2465 hibernis
727 2402 883 2463 itineribus
894 2422 930 2464 ao
941 2392 1088 2488 palusttitit¹

159 2484 330 2565 proelioque
348 2488 441 2564 magia
452 2485 488 2547 ad
506 2494 644 2548 eventum
656 2485 788 2555 ⁴aecanrdo
800 2504 888 2566 qnam
907 2487 965 2548 leri
978 2471 1087 2570 auttaol
1121 2502 1123 2531 2

130 2567 301 2630 badfectus.
334 2568 386 2631 ubi
406 2571 476 2632 satis
491 2572 597 2649 quietis
612 2570 711 2631 datum
731 2569 842 2649 praeda
864 2588 900 2630 ac
925 2564 1086 2650 populatiotl·

159 2650 214 2712 bus
236 2654 330 2732 magis
350 2671 438 2733 quam
458 2656 519 2715 otio
536 2660 587 2714 aut
605 2655 707 2734 requie
733 2653 945 2732 gaudentibus,
970 2648 1086 2736 protectos

63 2760 69 2771 a
101 2719 377 2796 'lPraettrn‘mm
400 2736 581 2798 Hadrianum
602 2753 719 2815 agrum,
748 2737 860 2799 Marsos
881 2736 952 2797 inde
977 2735 1085 2795 Manuo-

159 2834 271 2895 nosque
293 2826 323 2878 et
338 2819 492 2894 Paelignos
514 2820 643 2881 devastat
657 2823 794 2901 circaque
808 2821 906 2899 Arpos
922 2829 952 2880 et
964 2811 1084 2900 Luccdtlss

131 2902 322 2978 opronnam
340 2901 461 2980 Apuliae
481 2904 642 2979 regionem.
688 2905 740 2966 Gn.
762 2903 903 2965 Servilius
924 2897 1023 2964 consul.
1036 2893 1083 2952 len·

158 2982 214 3044 bus
233 2983 354 3063 proeliis
374 3001 440 3045 eum
460 2985 549 3046 Gallis
569 2986 653 3047 lactis
673 2994 704 3048 et
721 3004 781 3048 uno
803 2987 912 3067 oppido
930 2977 1039 3066 ignobili
1050 2986 1082 3031 εἰ·

158 3075 302 3148 pugnato,
317 3075 473 3148 postquam
489 3068 525 3129 de
538 3069 667 3148 collegae
679 3072 884 3152 exercitusque
896 3068 982 3130 caede
995 3053 1081 3151 andilli
1120 3094 1121 3125 r

158 3152 217 3214 ia'm
232 3152 387 3213 moenibus
401 3154 514 3231 patriae
528 3160 676 3224 metuens,
697 3172 735 3224 ne
760 3153 877 3216 abesset
900 3156 931 3213 in
946 3145 1081 3210 discrlmme

159 3241 305 3305 extremo,
322 3235 358 3296 ad
373 3234 478 3299 urbem
490 3238 568 3297 inter
584 3237 720 3298 intendit

134 3320 148 3363 ⁷
221 3316 255 3384 Q.
271 3318 380 3379 Fabius
395 3319 537 3381 Maximus
557 3320 682 3383 dictator
698 3322 806 3382 iterum
826 3340 884 3400 quo
900 3319 945 3380 die
959 3310 1079 3402 magiam·

158 3400 220 3452 tum
243 3395 309 3458 iniit
335 3408 437 3460 vocato
456 3410 574 3472 senatu,
600 3402 636 3464 ab
658 3404 713 3464 diis
738 3421 839 3476 orsus,
865 3422 932 3464 cum
951 3384 1079 3461 edocent
1119 3404 1120 3431 f

159 3480 269 3549 ital-Ns,
293 3478 360 3556 plus
381 3483 566 3561 neglegentia
592 3488 838 3549 caerimoniarum
864 3475 1079 3565 auspiciornnrt‘

1009 3862 1099 3889 ⁷¹43..
1117 3864 1118 3889 ζ
