2396 3920
271 238 366 281 nmen
382 238 450 282 rm.
469 239 537 282 ear.
554 227 595 278 23.
614 218 653 302 [a.
670 222 705 284 O.
723 229 784 285 328.
799 223 862 307 327]
1011 231 1052 295 73

88 386 313 452 obsamnitlbus
324 387 416 448 ferox.
437 387 516 449 ultro
527 386 701 451 incusabant
711 391 834 453 iniurias
841 392 1051 465 Romanorum,

85 491 173 554 neque
181 490 220 533 eo
227 470 436 550 neglegentius
444 491 487 541 ea,
495 472 647 551 quaeipsis
658 472 856 545 obicerentur,
870 476 1052 557 purgabant:

81 558 155 619 baud
176 555 243 617 ullo
267 553 387 634 publico
409 553 534 617 consilio
551 554 693 617 auxiliove
713 556 806 618 iurari
828 559 973 633 Graecos,
998 569 1082 623 neco

79 641 261 703 Fundanum
272 638 500 703 Formianumve
515 657 532 700 a
547 657 579 700 se
592 639 778 702 sollicitatos:
809 643 918 723 qnippe
929 647 1051 707 minime

1175 210 1178 287 l

1176 292 1178 379 l

77 726 237 807 paenitere
260 740 293 784 se
316 724 421 784 virium
438 741 574 794 suarum,
599 725 625 784 si
639 723 750 786 bellum
766 723 890 805 placeat.
921 735 1080 791 ceterumo
1179 732 1180 741 ’

76 828 136 871 nou
148 826 243 889 posse
253 805 440 868 dissimulare
451 824 540 886 aegre
549 808 611 886 pati
623 808 769 870 civitatem
776 809 960 882 Samnitium,
972 812 1052 892 quod

75 890 236 972 Fregellas
252 909 288 952 ex
298 889 412 952 Vulscis
424 899 523 969 captas
538 890 708 972 dirutasque
719 892 756 955 ab
770 910 803 954 se
816 895 982 955 restituerit
992 895 1051 956 Ro·

77 996 186 1040 manus
207 974 353 1055 populus,
373 973 577 1055 coloniamque
595 978 626 1036 in
647 977 824 1037 Samnitium
838 995 911 1056 agro
930 978 1052 1057 inposu-

78 1064 173 1131 erint,
187 1077 280 1139 qnam
293 1058 391 1120 coloni
400 1077 503 1120 eorum
512 1058 662 1137 Fregellas
674 1060 832 1142 appellent.
858 1079 924 1124 eam
936 1080 968 1123 se
979 1071 1079 1124 con-7

78 1144 236 1206 tumeliam
251 1144 465 1222 iniuriamque,
484 1144 515 1203 ni
530 1143 588 1205 sibi
602 1142 639 1204 ab
654 1146 706 1215 iis,
722 1147 773 1227 qui
787 1144 927 1217 fecerint,
950 1146 1050 1208 dema-

80 1238 143 1299 tur,
157 1230 242 1308 ipsos
258 1228 340 1287 omni
353 1228 381 1287 ri
395 1226 569 1307 depulsuros
583 1245 657 1290 esse.
689 1248 757 1291 cum
772 1228 923 1293 Romanus
936 1229 1079 1308 legatoss

81 1313 119 1375 ad
140 1310 367 1390 disceptandum
391 1329 442 1372 eos
462 1312 498 1371 ad
520 1329 692 1373 communes
712 1314 808 1374 socios
830 1322 918 1393 atque
940 1316 1051 1376 amicos

83 1402 216 1456 vocaret:
242 1395 342 1475 „quid
356 1393 497 1475 perplexe
512 1396 643 1473 agimusi
653 1403 671 1428 ‘⁴
684 1386 793 1474 inquil,
810 1403 940 1468 „nostra
955 1404 1049 1458 certa·

85 1481 185 1546 mina.
203 1479 343 1547 Romani,
366 1496 426 1540 non
439 1477 530 1539 rerba
547 1477 711 1555 legatorum
726 1496 782 1539 neo
803 1479 956 1540 bominum
971 1481 1049 1558 quis·

87 1579 178 1643 wem
197 1561 385 1642 disceptator,
402 1563 454 1625 sed
473 1579 595 1642 campus
606 1561 787 1641 Campanus,
803 1563 834 1621 io
851 1580 910 1641 quo
923 1579 1050 1622 concur·
1103 1560 1106 1565 '

83 1646 213 1707 rendum
230 1655 288 1717 est,
317 1653 348 1709 et
366 1664 447 1708 arma
470 1657 501 1707 et
520 1646 686 1707 eommunis
706 1645 785 1707 biars
808 1643 879 1705 belli
900 1645 1049 1708 decernet.

80 1730 299 1811 proindeinter
311 1731 441 1809 Capuam
452 1729 679 1810 Suessulamque
690 1737 786 1791 castra
798 1730 903 1791 eastris
914 1728 1079 1792 confere-9

82 1832 149 1875 mus
159 1821 204 1893 et,
216 1815 336 1876 Samnis
345 1815 535 1877 Romanusne
550 1815 675 1893 imperio
685 1813 798 1876 ltaliam
809 1820 928 1893 regant,
944 1813 1048 1876 decer·

83 1908 218 1961 namus.“
250 1897 339 1976 legati
358 1898 561 1959 Romanorum
582 1916 650 1960 cum
669 1915 701 1960 se
725 1915 785 1959 non
806 1916 864 1978 quo
886 1898 978 1960 bostis
999 1918 1047 1961 vo·
1060 1905 1094 1960 1e

80 1990 192 2052 namet,
221 1981 276 2044 sed
301 2000 360 2061 quo
383 1982 578 2060 imperatores
603 1984 650 2042 sul
676 1982 841 2053 duxissent,
869 1984 963 2045 ituros
984 2002 1049 2044 esse

78 2066 308 2147 respondissent
322 2065 385 2126 W.
414 2066 474 2126 iam
488 2065 632 2128 Publilius
648 2068 728 2127 inter
742 2065 921 2146 Palaepolim
933 2066 1048 2145 Neapo-

77 2151 193 2230 limque
208 2149 276 2211 loeo
291 2156 437 2229 oportune
452 2157 538 2229 capto
554 2148 714 2212 diremerat
727 2150 861 2212 hostibus
876 2150 1048 2210 societatem

78 2234 184 2297 emilii
197 2234 307 2304 mutui,
324 2252 396 2314 qua,
411 2234 584 2313 utquisque
599 2234 682 2295 locus
696 2241 901 2314 premeretur,
924 2233 1004 2291 inter
1016 2250 1048 2293 se

76 2320 127 2381 usi
147 2318 278 2379 inerant.
309 2318 409 2396 itaque
432 2335 500 2378 cum
513 2324 547 2395 'et
569 2319 757 2381 comitiorum
773 2317 837 2379 dies
856 2318 996 2386 instaret,
1019 2323 1089 2377 etlt

75 2401 241 2465 Publilium
258 2402 453 2462 inminentem
474 2402 603 2463 bostium
621 2403 715 2463 muris
734 2402 850 2463 avocari
870 2400 907 2462 ab
929 2417 982 2480 spe
1000 2418 1049 2461 ca·

76 2485 208 2568 piendae
220 2487 254 2546 in
269 2486 331 2547 dies
348 2483 431 2546 urbIs
444 2485 523 2546 baud
538 2504 554 2548 e
570 2483 736 2564 republica
754 2493 845 2554 esset,
866 2490 963 2545 aetum
980 2501 1048 2544 cnm

76 2570 209 2633 tribunis
234 2577 296 2639 est,
321 2568 359 2631 ad
377 2568 518 2650 populum
540 2568 667 2638 ferrent,
696 2574 742 2636 ut,
765 2585 832 2628 cum
854 2566 889 2637 Q.
904 2564 1047 2626 Publilius
1058 2573 1093 2623 12

76 2654 166 2716 Philo
182 2653 339 2716 consulatu
356 2652 479 2727 abisset,
503 2668 559 2732 pro
575 2649 697 2711 consule
719 2666 784 2711 rem
800 2655 931 2727 gereret,
953 2646 1049 2727 quoad
1066 2719 1068 2723 ¹

79 2738 264 2800 debellatum
278 2756 347 2801 cum
363 2737 485 2800 Graecis
500 2741 586 2797 esset.
613 2732 647 2797 L.
664 2729 815 2805 Cornelio,
836 2733 905 2812 quia
924 2749 963 2793 ne
979 2750 1046 2794 eum
1060 2740 1093 2792 13

78 2822 202 2902 quidem
225 2825 258 2883 in
278 2822 431 2886 Samnium
454 2822 514 2883 iam
537 2821 704 2899 ingressum
725 2819 857 2881 revocari
877 2817 914 2879 ab
935 2818 1049 2896 impetu

77 2905 151 2967 belli
166 2905 320 2987 placebat,
342 2905 458 2969 litterae
480 2906 601 2977 missae,
623 2912 657 2966 ut
671 2904 845 2969 dictatorem
862 2902 1049 2965 comitiorum

80 3006 170 3069 causa
184 2991 307 3052 diceret.
337 2988 461 3051 dixitbl.
477 2988 631 3051 Claudium
644 2986 829 3056 Marcellum:
851 2985 887 3047 ab
905 3003 940 3046 eo
954 2985 1093 3063 magi-1⁴

80 3082 143 3135 ster
160 3077 293 3155 equitum
311 3073 406 3135 dictos
421 3074 472 3150 Sp.
490 3071 666 3134 Postumius.
698 3089 754 3133 nec
774 3079 874 3132 tamen
895 3066 931 3130 ab
957 3067 1048 3128 dicta·

79 3166 147 3220 tore
168 3159 288 3220 comitia
307 3165 375 3219 sunt
395 3155 510 3227 habita,
530 3157 614 3236 quia,
635 3157 745 3217 vitione
767 3160 883 3215 creatus
904 3156 995 3221 esset,
1016 3150 1048 3212 in

82 3241 320 3323 disquisitionem
334 3242 424 3302 venit.
458 3239 585 3302 consulti
595 3256 723 3317 augures
734 3239 869 3301 vitiosum
881 3232 975 3295 videri
985 3233 1048 3295 dic·

81 3334 211 3389 tatonem
225 3327 499 3405 pronuntiaverunt
531 3342 597 3387 eam
610 3340 677 3384 rem
694 3319 805 3385 tribunt
821 3324 987 3398 suspectam
1003 3320 1047 3379 in·
1057 3324 1092 3377 lo

83 3408 254 3489 famemque
268 3407 452 3471 criminando
466 3408 617 3469 iecerunt:
647 3422 717 3467 nam
739 3421 836 3483 neque
851 3400 938 3463 iacile
958 3402 1048 3464 luisse
1098 3410 1104 3480 j

82 3493 112 3553 ld
124 3495 230 3555 vitium
244 3495 336 3563 nosci,
353 3509 420 3554 cum
432 3490 535 3565 consul
550 3492 650 3551 oriens
660 3489 698 3551 de
712 3496 798 3550 nocte
809 3486 926 3549 silentio
938 3486 1049 3546 diceret
