2396 3920
296 244 394 287 amna
408 245 476 289 vm.
491 199 560 290 oar.
576 235 601 285 2.
617 234 642 286 3.
659 224 699 308 [a.
716 228 752 290 0.
769 227 831 310 341]
1007 231 1049 294 49

88 391 156 471 quod
174 393 340 474 pepigerat
359 391 476 463 consul,
497 400 531 454 ut
551 401 667 474 tempus
691 393 813 457 indutiis
829 394 928 466 daret,
952 393 1049 474 quoad

86 474 164 554 legati
180 476 347 537 redissent.

140 560 298 622 Samnites
313 560 407 639 copiis
422 557 531 630 isdem,
548 558 654 639 quibus
670 562 717 622 usi
732 561 871 625 adversus
884 562 1050 625 Romanum
1064 569 1081 621 o

80 642 191 705 bellum
207 642 347 712 inerant,
370 650 475 703 contra
493 642 639 707 Sidicinos
651 644 795 725 proiecti,
817 646 895 709 baud
913 645 1050 708 indubia

79 746 127 808 spe
143 733 238 789 erant
259 732 379 787 mature
397 724 480 787 urbis
495 726 624 789 bostium
644 730 814 807 potiundae.
842 736 905 792 tum
921 728 957 790 ab
973 729 1082 792 stoi-e

78 814 151 872 cinis
169 809 289 872 deditio
298 810 384 889 prius
398 809 435 870 ad
451 810 600 873 Romanos
611 819 715 898 coepta
730 812 795 875 fleri
810 820 868 883 est:
886 813 955 874 dein
968 822 1049 894 post·

77 914 168 976 quam
181 901 287 974 patres
301 900 336 954 ut
349 910 447 954 seram
471 911 535 955 earn
550 893 712 975 ultimaque
735 897 855 958 tandem
876 896 1050 956 necessitate

79 995 255 1059 expressam
280 976 529 1056 aspernabantur,
553 977 589 1039 ad
610 979 729 1042 Latium
748 981 807 1041 iam
824 997 877 1042 sua
898 984 1003 1058 sponte
1020 979 1051 1038 in

79 1081 163 1124 arma
178 1068 283 1125 motos
298 1060 376 1120 tacta
391 1068 444 1121 est.
484 1079 522 1122 ne
537 1062 678 1141 Campani
694 1062 814 1144 quidem
827 1097 870 1112 -
884 1063 958 1125 adeo
972 1063 1049 1123 iniu-
1065 1069 1082 1118 7

79 1149 143 1207 riae
153 1144 337 1208 Samnitium
349 1160 438 1223 quam
451 1144 588 1206 beneficii
597 1145 799 1210 Romanorum
806 1149 950 1211 memoria
963 1164 1050 1226 prae·

81 1231 194 1291 sentior
207 1234 275 1288 erat
287 1260 331 1276 -
346 1226 393 1288 bis
407 1246 439 1291 se
451 1230 540 1289 armis
554 1228 732 1293 absu'nuere.
763 1250 798 1294 ex
812 1234 859 1295 his
873 1239 917 1293 tot
934 1229 1050 1311 populis
1065 1235 1082 1287 8

82 1331 160 1375 unus
172 1314 282 1390 ingens
293 1313 441 1373 exercitus
456 1311 647 1375 ducebaiino
662 1315 736 1377 fines
750 1316 926 1378 Samnitium
937 1315 1051 1392 ingres-

85 1415 136 1458 sus
154 1395 224 1476 pius
244 1393 485 1476 populationibus
507 1414 595 1476 quam
614 1397 734 1477 proeliis
760 1398 889 1461 cladium
910 1399 990 1459 iecit.
1021 1403 1052 1459 et

88 1496 267 1560 quamquam
277 1481 446 1557 superiores
458 1479 669 1542 certaminibus
681 1481 778 1542 Latini
793 1489 892 1553 erant,
911 1480 990 1542 haud
1004 1482 1050 1540 in·

89 1564 157 1633 viti,
172 1579 212 1622 ne
223 1565 336 1641 saepius
348 1563 548 1625 dimicandum
559 1561 645 1635 foret,
661 1581 734 1642 agro
745 1562 875 1625 bostium
888 1578 1051 1625 excessere.

87 1647 118 1710 id
128 1647 255 1727 spatium
270 1645 451 1708 Samnitibus
463 1647 563 1708 datum
576 1654 621 1709 est
633 1647 757 1709 Romam
772 1647 884 1727 legatos
898 1644 1049 1716 mittendi;
1064 1650 1082 1704 0

84 1733 136 1813 qui
156 1748 226 1793 cum
244 1729 377 1792 adissent
388 1739 538 1802 senatum,
553 1732 705 1811 conquesti
721 1731 823 1794 eadem
840 1749 872 1795 se
883 1730 1051 1793 foederatos

84 1818 160 1897 pati,
182 1830 261 1894 quae
282 1814 383 1877 hostes
403 1821 502 1882 essent
523 1817 616 1896 passi,
640 1814 779 1896 precibus
800 1816 907 1878 infimis
928 1816 1050 1895 petiere,

84 1907 118 1962 ut
133 1900 206 1960 satis
227 1897 372 1959 ducerent
391 1898 518 1960 Romani
536 1900 688 1962 victoriam
710 1918 794 1963 suam
816 1899 996 1963 Samnitibus
1014 1903 1094 1960 exto

85 1986 238 2063 Campano
252 1979 442 2063 Sidicinoque
453 1981 539 2043 hoste
552 1985 710 2062 eripuisse;
726 2002 764 2045 ne
779 1986 857 2047 vinci
868 1986 956 2046 etiam
967 2002 999 2044 se
1015 1980 1051 2043 ab

83 2067 287 2148 ignavissimis
310 2064 428 2146 populis
449 2068 596 2137 sinerent;
618 2066 747 2130 ¹Latinos
769 2068 1007 2150 Campanosque,
1027 2066 1053 2123 si
1062 2070 1093 2122 11

83 2152 139 2215 sub
162 2150 282 2212 dicione
302 2150 406 2230 populi
419 2150 545 2211 Romani
565 2159 679 2223 essent,
697 2170 752 2232 pro
772 2154 897 2231 imperio
915 2154 1052 2210 arcerent

83 2236 216 2300 Samniti
230 2251 318 2311 agno,
337 2236 382 2294 sin
397 2235 555 2314 imperium
568 2234 746 2306 abnuerent,
763 2238 852 2297 armis
868 2240 1050 2296 coercerent.

84 2320 231 2384 adversus
247 2318 323 2378 haec
338 2334 513 2397 responsum
531 2336 640 2398 anceps
651 2319 767 2390 datum,
783 2320 851 2399 quia
866 2319 953 2380 iateri
970 2316 1095 2395 pige-12

20 2482 21 2487 ἵ
83 2402 138 2467 bat
152 2404 186 2463 in
209 2408 357 2481 potestate
375 2420 427 2463 sua
440 2401 561 2463 Latinos
582 2404 639 2464 iam
655 2420 714 2465 non
735 2420 816 2474 esse,
840 2400 1050 2479 timebantque,

82 2505 125 2552 ue
148 2484 301 2566 arguendo
323 2483 534 2547 abalienarent.
567 2486 784 2565 Campanorum
799 2485 886 2546 aliam
901 2484 1050 2546 condicio·
1063 2487 1095 2539 ta

84 2590 159 2634 nem
178 2587 259 2635 esse,
285 2569 411 2648 quinon
433 2568 565 2638 foedere,
579 2569 633 2629 sed
647 2587 702 2648 per
718 2567 897 2629 dediu’onem
912 2568 944 2625 in
965 2564 1053 2625 fldem

85 2656 255 2721 venissent;
273 2654 373 2732 itaque
385 2654 565 2730 Campanos,
581 2652 634 2711 seu
645 2648 736 2711 velint
747 2667 799 2711 seu
812 2646 920 2720 nolint,
937 2648 1052 2728 quietu-

86 2757 155 2802 ros:
170 2740 204 2799 in
219 2736 342 2798 foedere
355 2736 460 2798 Latino
476 2734 551 2797 nihil
564 2752 643 2806 esse,
661 2752 720 2814 quo
732 2732 845 2795 bellare
859 2750 926 2796 oum
944 2729 1051 2813 quibus

85 2824 147 2904 ipsi
162 2821 256 2883 veiint
268 2818 492 2900 prohibeantur.
536 2819 587 2883 ΠΙ.
619 2818 703 2892 Quod
718 2836 895 2899 responsum
910 2818 985 2879 sicin
1000 2815 1053 2877 du·
1070 2820 1084 2871 1

86 2906 156 2971 bios
172 2905 337 2975 Samnites,
369 2903 510 2984 quidnam
531 2903 678 2966 iacturum
700 2903 866 2966 Romanum
887 2907 1052 2969 censerent,

88 2989 216 3060 dimisit,
236 2990 277 3050 ita
293 2987 458 3067 Campanos
472 2994 553 3049 metu
570 2986 759 3059 abalienavit,
782 2985 902 3048 Latinos
914 2984 994 3046 velut
1009 2983 1054 3043 ni-

87 3072 134 3136 hii
147 3076 209 3135 iam
224 3090 285 3135 non
300 3069 532 3133 concedentibus
545 3070 687 3134 Romanis
701 3070 864 3132 ferociores
885 3069 964 3130 iecit.
999 3068 1053 3126 ita·
1068 3071 1087 3121 2

89 3176 148 3239 que
163 3175 220 3238 per
235 3156 366 3237 speciem
388 3154 528 3217 adversus
542 3155 689 3218 Samnites
707 3153 779 3215 belli
798 3151 923 3233 parandi
949 3148 1054 3210 crebra

89 3240 218 3305 concilia
231 3240 398 3301 indicentes
411 3236 821 3317 omnibusconsultationibus
834 3237 913 3296 inter
925 3251 958 3298 se
970 3234 1053 3314 prin·

90 3328 175 3406 cipes
195 3323 311 3387 occulte
326 3322 493 3386 Romanum
515 3320 681 3403 coquebant
700 3320 821 3382 beilum.
853 3318 922 3381 huic
937 3334 1054 3399 quoque

91 3411 234 3472 adversus
245 3414 412 3470 servatores
418 3425 488 3468 suos
501 3405 752 3484 bellocampanus
758 3404 871 3466 aderat.
893 3403 1053 3482 sedquam·
1069 3406 1088 3458 a

90 3512 182 3574 quam
197 3493 299 3554 omnia
313 3491 350 3552 de
369 3489 513 3553 industria
528 3488 700 3551 celabantur
712 3522 755 3535 -
767 3488 939 3568 priusquam
952 3500 1052 3546 move·

134 3609 161 3645 r.
173 3607 239 3645 orvs
252 3606 322 3643 rans
334 3605 368 3641 11.
829 3578 850 3637 4
