2350 3922
228 250 322 292 umen
335 249 425 291 xxm.
449 248 517 292 oar.
536 237 577 288 32.
593 235 637 290 33.
656 226 696 309 [a.
713 229 748 290 C.
763 225 824 309 215]
947 229 1008 290 353

60 397 186 473 regionis
198 398 260 457 eius
277 395 470 475 praesidium
492 396 702 457 Terentianum
719 397 836 455 militem
850 394 1009 454 Tarentum
1026 440 1028 447 ,

61 480 134 539 mitti
154 497 221 541 cum
250 478 347 561 aliquo
368 480 540 558 legatorum.
589 488 618 539 et
642 476 895 566 vigintiquinque
919 493 1011 548 naves,
1019 481 1051 534 17

60 562 156 632 datae,
180 563 288 643 quibus
311 581 392 624 oram
413 565 589 623 maritimam
607 571 685 623 mter
725 579 781 620 run

27 932 28 937 κ
61 898 388 977 agro'cenquisitionem
408 896 535 958 militum
548 896 673 961 haberet
691 893 821 976 locisque
842 894 1009 973 hispraesi·

63 977 108 1038 dio
124 990 209 1042 esset.
241 989 271 1042 et
280 981 314 1042 Τ.
328 979 467 1041 Otacilius
480 980 613 1049 Crassus,
633 986 789 1059 postquam
806 977 909 1039 aedem
926 978 1007 1039 illen-
1019 982 1053 1033 20

63 1062 97 1121 tis
113 1064 143 1122 in
165 1063 308 1144 Capitolio
329 1063 485 1135 dedicavit,
508 1067 540 1124 in
561 1062 691 1125 Siciliam
712 1080 778 1123 eum
799 1062 938 1141 imperio,
960 1062 1011 1140 qul

65 1142 147 1206 classi
162 1155 326 1226 praeesset,
345 1149 460 1208 missus.

121 1228 248 1292 lilllllll.
278 1230 311 1291 In
337 1231 413 1291 hanc
434 1231 651 1294 dimicationem
677 1231 803 1291 duorum
824 1228 1010 1309 opulentissi-

64 1328 174 1374 morum
191 1316 223 1375 in
247 1316 336 1377 terris
354 1314 530 1393 populorum
549 1333 652 1375 omnes
669 1331 755 1391 reges
770 1321 930 1392 gentesque
949 1314 1010 1372 ani·

27 1412 28 1439 t
64 1410 124 1454 mos
150 1398 352 1467 intenderant,
379 1399 457 1458 inter
477 1416 550 1477 quos
569 1394 721 1476 Philippus
742 1394 936 1456 Macedonum
955 1402 1039 1456 rexz

27 1504 29 1507 v
65 1493 97 1535 eo
110 1483 218 1558 magis,
241 1481 320 1561 quod
335 1483 456 1560 propior
468 1480 568 1541 Italiae
579 1499 614 1540 ac
628 1481 702 1540 mari
722 1486 835 1539 tantum
852 1478 934 1538 loulo
953 1478 1010 1538 dis·

65 1569 157 1623 cretus
180 1575 253 1627 erat
307 1567 332 1624 is
352 1564 403 1624 ubi
428 1566 556 1643 primum
586 1564 663 1622 lama
685 1563 796 1640 accepit
817 1559 1012 1621 Hannibalem
1041 1612 1046 1625 .

64 1642 139 1721 elpis
153 1655 385 1727 transgressum,
403 1655 436 1709 ut
449 1647 527 1708 bello
543 1648 622 1707 inter
639 1646 804 1707 Romanum
822 1638 1044 1733 Poenumque}

65 1734 126 1785 orto
137 1728 260 1792 laetatus
272 1740 349 1801 erat,
367 1733 421 1801 ita,
440 1732 533 1804 utrius
543 1728 644 1808 populi
655 1727 756 1791 mallet
772 1729 924 1788 victoriam
937 1744 1010 1796 esse,
1032 1744 1039 1801 ,ζ

65 1806 179 1873 incertis
194 1815 293 1876 adhuc
312 1814 421 1874 viribus
438 1814 594 1875 lluctuatus
605 1815 703 1874 animo
721 1813 827 1873 luerat.
858 1817 1041 1891 postquamt

26 1914 27 1917 ¹
65 1895 145 1954 tertia
160 1898 218 1959 iam
231 1914 346 1977 pugna,
369 1899 454 1958 tertia
467 1898 587 1957 victoria
605 1915 671 1958 cum
683 1896 790 1956 Poenis
802 1903 878 1965 erat,
901 1895 937 1957 ad
952 1895 1012 1955 lor·

26 2050 27 2053 Ἴ
64 1978 160 2039 tunam
179 1982 332 2041 inclinarit
350 1980 520 2060 legatosque
534 1980 570 2041 ad
581 1978 776 2041 Hannibalem
791 1980 884 2049 misit;
906 1980 957 2059 qui
971 1981 1012 2039 vi·

26 2102 27 2129 Ξ
66 2061 154 2120 lantes
167 2075 272 2141 portus
283 2064 492 2125 Brundisinum
503 2064 767 2143 Tarentinumque,
789 2066 855 2143 quia
873 2063 1012 2125 custodiis

26 2140 28 2217 ξ
65 2143 175 2205 navium
205 2149 404 2210 Romanarum
435 2148 624 2217 tenebantur,
663 2147 699 2219 ad
733 2147 868 2206 Laciniae
892 2145 1011 2204 lunonis

26 2260 28 2301 ς
65 2225 202 2304 templum
227 2235 260 2291 iu
281 2239 391 2291 terram
409 2232 520 2307 egressi
540 2239 617 2290 sunt.
650 2231 720 2289 inde
741 2246 795 2307 per
810 2228 944 2307 Apuliam
961 2235 1042 2305 pes

26 2316 27 2381 j
64 2308 155 2369 tentes
175 2314 305 2393 Capuam
332 2313 428 2374 media
455 2315 487 2372 in
513 2313 659 2391 praesidia
680 2312 812 2371 Romana
840 2310 923 2371 inlati
944 2317 1013 2370 sunt

26 2392 28 2451 ἰ
65 2382 237 2475 deductique
260 2397 296 2458 ad
313 2396 460 2469 Valerium
480 2395 639 2456 Laevinum
666 2403 835 2475 praetorem
862 2396 939 2454 circa
954 2394 1011 2453 Lu·

26 2492 27 2497 ¹
65 2474 169 2536 ceriam
181 2490 277 2542 castra
289 2479 456 2541 habentem.
484 2478 527 2539 ibi
542 2479 688 2558 intrepide
701 2479 912 2556 Xenophanes,
933 2477 1041 2555 lega-o

26 2610 28 2621 ,
65 2551 149 2646 ῐῇθῐὶίε
163 2565 314 2643 princeps,
339 2561 507 2642 aPhilippo
524 2579 594 2638 rege
618 2581 649 2622 se
666 2564 787 2622 missum
802 2563 842 2622 ait
857 2561 893 2622 ad
911 2562 1011 2621 amici·

26 2662 28 2703 ε
64 2638 131 2696 tiam
144 2647 371 2727 societatemque
382 2646 557 2724 iungendam
570 2663 636 2705 cum
648 2644 757 2725 populo
768 2645 916 2714 Romano;
929 2662 1011 2704 man-

65 2713 127 2779 data
144 2723 255 2791 hebere
271 2730 306 2790 ed
329 2729 463 2790 eonsules
483 2747 517 2790 ao
540 2736 672 2789 senatum
689 2727 888 2808 populumque
904 2728 1011 2788 Roma·

26 2818 27 2821 ’
66 2813 142 2898 num.
179 2823 298 2888 praetor
318 2815 396 2873 inter
412 2812 591 2874 delectiones
614 2822 746 2873 veterum
769 2813 916 2873 sociorum
938 2819 1039 2872 novar

65 2895 200 2978 societate
224 2904 282 2958 tam
299 2896 371 2957 clari
389 2897 467 2974 regis
487 2896 580 2956 laetus
600 2896 756 2957 admodum
772 2896 871 2957 hostes
888 2914 942 2974 pro
957 2896 1011 2954 ho·

66 2968 185 3038 spetihus
206 2983 330 3041 comiter
351 2982 471 3058 accepit.
510 2981 559 3040 dat
580 2982 631 3060 qui
656 2988 886 3059 prosequantur,
908 2981 1041 3039 itinera8

66 3058 129 3108 ⁰¹¹¹ss
146 3071 215 3120 cure
232 3064 448 3134 demonstrent,
469 3082 543 3142 quae
557 3063 620 3122 loca
638 3082 768 3143 quosque
784 3062 873 3125 saltus
888 3071 937 3122 eut
948 3063 1006 3122 lio·

66 3139 167 3197 manus
188 3155 238 3206 aut
262 3148 361 3208 hostes
390 3154 516 3207 teneant.
563 3147 758 3225 Xenophanes
784 3164 838 3225 per
866 3147 1041 3225 praesidiali

66 3205 193 3282 Romane
204 3228 235 3288 in
246 3232 449 3310 Campaniam,
467 3231 537 3291 inde
553 3248 609 3310 qua
621 3232 788 3309 proximum
803 3230 858 3290 luit
872 3232 904 3289 in
915 3238 1011 3291 castra

66 3284 233 3395 fiinpihalis
255 3315 399 3392 pervenit,
423 3312 583 3393 foedusque
608 3331 675 3374 eum
698 3331 733 3372 eo
754 3321 840 3392 atque
854 3314 1011 3374 amicitiam
1043 3336 1048 3343 ⁴

66 3381 156 3452 tungri
170 3386 284 3469 legibus
300 3398 360 3467 his,
384 3406 416 3457 ut
429 3396 581 3476 Philippus
601 3415 653 3457 rex
667 3415 753 3476 quam
773 3398 898 3457 maxima
917 3396 1008 3458 classe
1018 3374 1054 3456 ’ἕο

67 3480 107 3494 “
118 3457 255 3541 ducentas
267 3490 363 3541 autem
382 3499 468 3541 naves
481 3481 633 3541 ridebatur
644 3480 885 3542 effecturus-in
899 3479 1011 3541 ltaliam

108 3568 132 3605 τ’
151 3577 298 3631 ¹⁴1V1rrns
318 3597 351 3632 11.
807 3570 846 3631 2-3
