2396 3920
151 201 191 265 tt
290 215 450 259 nmsnvn.
467 208 535 258 car.
551 204 593 256 ll.
613 203 653 258 ts.
675 193 714 276 [e.
730 217 761 259 n.
778 216 805 258 c.
820 201 882 257 tet.
899 193 963 275 396]

149 363 250 434 caedi,
266 364 414 442 recepisse
429 380 461 424 se
482 364 560 424 intra
574 362 694 425 urbem:
717 380 782 424 enm
796 378 860 423 rem
875 362 1026 440 triumpho
1042 361 1109 442 dig-

109 453 139 506 11
150 464 219 508 nam
233 447 324 508 risam
333 445 484 508 Romanis.
507 464 546 508 ne
562 448 649 508 nimis
667 447 775 507 mirum
790 462 989 525 magnumque
1003 462 1110 507 oense·

148 537 216 591 rent
229 529 388 592 tumultum
402 531 519 592 exciere
533 531 564 592 in
582 529 710 592 hostium
731 530 839 610 portis,
859 529 1003 590 mucram
1025 530 1110 607 ipsos

1059 33 1062 40 ’
1120 9 1196 181 ,Ἰ

120 620 134 673 1
150 613 376 693 trepidationem
392 622 460 675 ante
473 615 591 676 moenia
607 631 660 676 sua
674 616 797 677 visuros.
840 611 904 677 xit.
935 611 1037 693 ltaque
1059 614 1110 674 in·
1195 624 1196 627 ’

149 698 285 778 sequenti
308 715 386 759 anno
406 697 445 760 tl.
467 696 581 777 Popilio
597 697 724 760 Laenate
744 697 797 759 Gn.
813 694 922 759 Mando
937 694 1112 759 consulibus

86 804 91 821 ·
147 782 246 861 primo
261 780 377 843 silentio
392 782 487 842 noctis
500 780 538 842 ab
553 780 664 843 'llbure
678 782 795 861 agmine
809 778 917 841 infesto
930 778 1112 859 prolectiad
1194 774 1196 835 ἰ

118 863 254 927 turbem
268 864 393 927 Romam
406 872 561 926 venerunt
593 873 740 928 terrorem
754 869 877 942 repente
889 881 926 925 ex
936 879 1040 925 somno
1056 882 1111 926 ex·
1194 890 1196 901 ¹

148 950 244 1009 citatis
258 946 355 1009 subita
364 966 413 1009 res
425 955 455 1009 et
467 954 631 1010 nocturnus
643 966 734 1027 pavor
744 946 895 1028 praebuit,
911 945 1018 1009 adhoc
1030 947 1111 1009 mul·

116 1036 133 1089 t
147 1040 245 1092 torum
259 1032 383 1102 inscitia,
400 1032 451 1111 qui
465 1038 515 1093 aut
528 1031 609 1094 unde
618 1032 718 1094 hostes
728 1031 922 1095 advenissent
939 1030 1110 1093 conclama·

148 1122 211 1176 tum
236 1120 334 1176 temen
355 1113 493 1176 celeriter
513 1115 550 1177 ad
571 1133 653 1179 arma
669 1123 728 1185 est,
753 1124 784 1176 et
803 1121 907 1195 portae
931 1113 1112 1177 stationibus

148 1198 285 1277 murique
301 1197 455 1278 praesidiis
475 1198 597 1268 llrmatl3
617 1207 647 1261 et
664 1197 717 1261 ubl
738 1200 835 1280 prima
853 1197 905 1259 lux
925 1196 1112 1259 mediocrem

148 1279 365 1342 multitudinem
385 1289 453 1343 ante
475 1283 591 1344 moenia
612 1300 710 1363 neque
730 1281 821 1344 aliurn
840 1298 928 1361 quam
951 1278 1112 1344 Tiburtem

117 1370 134 1420 4
149 1364 265 1426 bostem
279 1364 421 1435 ostendit,
443 1364 557 1427 duabus
569 1367 665 1444 portis
679 1366 791 1445 egressi
804 1362 941 1426 consules
957 1365 1114 1444 utrimque

150 1449 243 1510 aciem
263 1447 452 1511 subeuntium
473 1450 532 1509 iam
549 1465 650 1511 muros
663 1448 891 1528 adgrediuntur;
913 1447 1115 1527 apparuitque

148 1531 303 1593 occasione
316 1533 410 1610 magis
424 1545 512 1612 quam
526 1532 633 1595 virtute
646 1532 740 1595 fretos
753 1532 881 1594 venisse:
897 1531 970 1593 edeo
984 1531 1032 1593 vix
1043 1532 1110 1609 pri·

148 1632 229 1675 mum
243 1617 385 1693 impetum
399 1614 600 1677 Romanorum
614 1617 790 1696 sustinuere.
825 1616 898 1696 quin
920 1614 1008 1675 etiam
1025 1612 1113 1677 bone

147 1697 238 1757 luisse
253 1696 392 1758 Romanis
413 1697 570 1758 adventum
588 1716 691 1761 eorum
713 1696 880 1769 constabat,
902 1697 1115 1777 nolentemque

146 1780 204 1839 iam
218 1778 395 1841 seditionem
409 1781 487 1841 inter
500 1786 599 1858 patres
616 1789 647 1842 et
668 1780 786 1861 plebem
802 1788 882 1843 metu
902 1788 963 1841 tam
982 1783 1110 1859 propin-

147 1862 198 1942 qui
213 1860 284 1922 belli
297 1879 497 1942 conpressam.

115 1949 131 2001 o
209 1943 290 2007 llius
303 1945 446 2008 adrentus
460 1946 588 2010 bestium
611 1948 666 2010 fuit
682 1949 817 2028 proximo
832 1964 910 2009 anno
924 1947 1003 2025 agris
1018 1947 1112 2007 terri·

115 2032 132 2084 6
146 2027 234 2090 bilior
249 2044 337 2109 quam
351 2028 433 2091 urbi:
450 2029 651 2110 populabundi
665 2032 894 2112 Tarquinienses
907 2030 982 2091 lines
996 2028 1113 2092 Roma·

147 2129 210 2184 nos,
224 2111 352 2174 maxime
364 2129 421 2193 qua
433 2131 470 2175 ex
480 2122 565 2194 parte
574 2115 723 2177 Etruriam
737 2113 881 2184 adiacent,
898 2129 1110 2194 peragravere.

147 2194 295 2275 rebusque
309 2197 487 2276 nequiquam
501 2200 634 2277 repetitis
654 2199 722 2260 novi
738 2196 874 2260 consules
895 2198 931 2258 iis
946 2196 978 2259 G.
996 2194 1114 2258 Fabius

146 2278 368 2341 esuriamus
389 2281 471 2342 iussu
493 2281 594 2361 populi
611 2281 722 2343 bellum
741 2281 891 2351 indixere;
906 2278 1056 2359 Fabioque
1071 2298 1111 2342 ea

115 2363 312 2440 iprorincia,
336 2361 451 2426 Plautio
475 2364 597 2426 Hernici
617 2381 751 2426 evenere.
786 2362 889 2427 Gallici
903 2360 1112 2444 quoquebelli

146 2445 225 2506 lama
251 2445 500 2509 increbrescebat.
544 2455 603 2509 sed.
616 2449 695 2511 inter
715 2448 822 2511 multos
842 2455 974 2510 terrores
995 2444 1111 2507 solacio
1183 2458 1188 2497 2

135 2528 201 2591 ,quq
214 2547 271 2609 pax
286 2530 397 2592 Latinis
420 2530 589 2611 petentibus
609 2531 678 2594 data
701 2539 731 2593 et
743 2549 850 2610 magna
869 2532 912 2591 vis
927 2528 1053 2591 militum
1068 2529 1112 2591 ab

144 2613 191 2673 his
205 2630 241 2674 ex
252 2613 381 2694 ‘loedere
400 2622 530 2686 vetusto,
552 2613 632 2696 qued
650 2613 749 2678 multis
768 2616 988 2679 intermiserant
1008 2613 1108 2683 annis,
1187 2614 1188 2617 ’

113 2698 275 2774 taccepta.
305 2710 364 2772 quo
400 2697 527 2759 raesidio
541 2716 610 2760 cum
621 2697 692 2760 lulta
701 2686 751 2761 res
761 2698 892 2761 Romana
905 2703 996 2765 esset,
1012 2694 1112 2758 levius

144 2777 213 2846 luit,
231 2776 349 2857 quodi}
391 2797 425 2840 os
441 2797 511 2841 mox
524 2781 685 2844 Praeneste
698 2783 813 2844 venbse
826 2788 915 2861 atque
935 2778 1005 2841 inde
1023 2779 1111 2841 cirea
1181 2772 1188 2795 ¹

112 2863 129 2916 9
143 2858 257 2920 Pedum
274 2860 445 2924 consedisse
457 2861 588 2926 auditum
603 2874 657 2928 eet.
687 2865 862 2929 dictatorem
883 2863 941 2925 dici
960 2862 991 2925 (l.
1007 2859 1111 2941 Sulpi·

144 2944 222 3005 cium
238 2942 359 3024 placuit.
396 2946 498 3009 consul
513 2947 550 3009 ad
565 2949 594 3010 id
609 2950 721 3011 accitus
734 2949 766 3012 G.
782 2948 914 3011 Plautius
928 2946 1018 3015 dixit;
1041 2963 1111 3008 ma-

144 3027 236 3106 gister
259 3030 391 3109 equitum
415 3029 553 3093 dictatori
572 3031 689 3095 additus
707 3033 746 3096 ll.
768 3032 910 3094 Valerius.
941 3030 973 3092 lui
994 3027 1113 3093 robora

143 3110 270 3173 militum
284 3130 320 3174 ex
335 3111 450 3174 duobus
470 3114 674 3179 consularibus
695 3115 872 3181 exercitibus
886 3115 980 3179 electa
1000 3111 1112 3175 adver·
1162 3142 1166 3151 ·

143 3209 193 3253 sus
208 3193 305 3256 Galim
322 3194 478 3259 duxerunt
676 3196 678 3201 ⁴

102 3280 136 3333 10
207 3277 328 3340 Lentim
340 3280 370 3342 id
381 3278 529 3362 aliquanto
544 3279 664 3356 bellum,
679 3301 769 3364 quam
780 3285 859 3364 parti
872 3284 990 3363 utrique
1004 3279 1114 3360 place.

141 3357 201 3430 bat
213 3361 278 3422 luit.
301 3380 369 3424 oum
378 3366 476 3443 primo
487 3364 563 3428 Galli
573 3374 687 3429 tantum
698 3366 774 3429 aridi
786 3367 955 3431 certaminis
968 3365 1114 3439 luissent,

84 3488 89 3542 Ξ
142 3441 250 3505 deinde
264 3443 414 3507 Romanus
440 3448 527 3512 miles
546 3449 661 3512 ruendo
680 3452 810 3514 inerma
828 3468 864 3513 ae
883 3450 1114 3513 dimicationem
