2290 3920
222 256 313 301 mmm
325 261 389 302 xxi.
406 260 475 303 one.
491 247 535 301 20.
551 246 594 301 21.
610 238 649 322 [a.
668 241 702 303 O.
720 239 782 322 218]
917 247 982 310 221

7 416 9 473 g
51 407 136 463 contra
157 420 186 463 ea
207 405 307 469 audire
328 419 392 468 sese
412 410 508 486 gentis
529 424 600 468 suae
622 407 757 468 homines
771 426 843 487 agro
862 409 1014 472 linibus-d

50 502 96 562 que
107 483 198 547 ltaliae
210 487 280 567 pelli
294 509 311 550 a
326 491 436 570 populo
450 491 583 553 Romano
598 491 835 571 stipendiumque
851 494 984 572 pendere
1136 564 1137 571 ἵ

7 602 8 607 1
51 577 73 629 ct
89 579 176 630 cetera
197 572 316 651 indigna
335 576 404 653 pati.
454 576 556 636 eadem
578 576 672 636 ferme
693 576 725 635 in
746 578 852 636 ceteris
874 577 1012 639 Galliaet
1060 652 1063 659 Ι
1136 600 1137 631 1

50 652 161 713 conciliis
183 653 258 717 dicta
280 657 450 738 auditaqum
477 677 534 719 nec
554 657 699 738 hospitale
720 661 876 738 quicquam
897 677 984 739 paca·
1030 672 1058 745 ruf
1136 738 1137 745 ἵ

7 778 9 781 -
50 741 129 796 tratre
148 740 215 798 satis
237 742 319 819 prius
340 743 485 813 auditum,
506 761 595 822 quam
610 741 767 804 Massiliam
790 761 907 804 venere.
943 744 1014 804 ibis
1057 762 1066 781 r
1136 766 1137 773 ¹

7 848 9 865 ι
50 821 128 881 mnia
141 821 175 882 ab
190 826 276 884 sociis
290 828 428 904 inquisita
442 845 510 888 oum
529 846 600 888 cura
614 844 649 888 ac
669 825 726 887 fide
743 829 876 905 cognita:
898 844 985 907 prae·
1043 854 1059 891 ,ν’
1136 824 1137 879 3

7 944 9 963 2
50 912 185 984 occupatos
206 909 264 969 iam
286 917 353 970 ante
373 910 412 970 ab
426 910 589 972 Hannibale
605 909 755 973 Gallorum
777 913 891 971 animos
907 927 984 980 essm
1027 922 1051 1007 ζ
1136 956 1137 963 ,

7 998 9 1071 ζ
50 987 90 1046 sed
102 1006 136 1049 ne
153 989 195 1050 illi
210 993 328 1071 quidem
348 995 406 1071 ipsi
424 997 495 1055 satis
516 997 616 1056 mitem
640 1002 759 1074 gentem
773 994 838 1055 iore
856 1029 891 1040 —-
912 995 985 1055 adeo
1014 988 1043 1078 Χ
1136 1028 1137 1063 3

8 1088 9 1149 3
51 1069 141 1133 facus
155 1082 240 1154 atque
254 1077 397 1138 indomita
415 1079 534 1156 ingenia
549 1097 679 1149 csse—,
706 1080 737 1139 ni
758 1078 882 1141 subinde
904 1097 985 1148 auro,
1011 1062 1041 1182 q
1136 1090 1137 1159 t

8 1230 11 1235 1
49 1155 115 1217 cuim
134 1159 294 1221 aridissima
310 1179 383 1239 gens
403 1169 459 1232 est,
479 1163 647 1243 principum
671 1163 761 1223 animi
782 1163 986 1224 concilientur.
1051 1168 1056 1179 “
1136 1170 1137 1189 ³

8 1250 10 1289 5
49 1237 80 1296 ita
96 1246 252 1321 peragratis
265 1243 422 1323 Hispaniae
447 1254 476 1306 et
490 1245 599 1308 GaHiae
621 1246 737 1325 populis
759 1245 848 1325 legati
863 1247 1014 1310 Romame

9 1364 10 1367 κ
49 1321 154 1387 redeunt
167 1327 243 1388 nand
262 1330 303 1389 ita
317 1328 409 1390 multo
423 1336 506 1409 post,
522 1348 609 1409 quam
625 1329 760 1390 consules
775 1331 807 1390 in
820 1333 986 1407 provincias
1136 1382 1137 1413 3

50 1408 153 1480 proiecti
173 1420 266 1474 erant.
301 1413 446 1474 civitatem
468 1430 596 1474 (mittemv
609 1411 669 1493 [in]
692 1415 893 1491 expectatione
917 1413 987 1477 belli
1136 1420 1137 1503 l

50 1499 156 1555 erectam
178 1497 367 1565 invenerunt,
395 1499 465 1558 satis
489 1504 641 1557 constante
667 1496 745 1556 fama
766 1497 823 1556 iam
845 1496 987 1556 Hiberum
1005 1502 1070 1607 s
1136 1508 1137 1579 t

49 1570 144 1637 Poenos
159 1582 331 1641 tramisisse.
1136 1582 1137 1643 i

97 1658 165 1724 lxi.
201 1663 349 1725 Hannibal
378 1664 508 1742 Sagunto
537 1671 623 1742 capto
649 1662 856 1740 Carthaginem
883 1671 1014 1723 novamt

8 1808 9 1811 ,
49 1740 196 1808 inhiberna
214 1753 417 1818 concesserat,
432 1746 533 1826 ibique
547 1747 666 1819 auditis,
686 1763 760 1826 quae
775 1746 886 1806 Romae
899 1764 989 1826 quae·

49 1840 92 1900 qne
105 1828 277 1910 thagine
294 1840 358 1892 acta
373 1832 551 1911 decretaque
572 1832 683 1901 forent,
704 1848 794 1910 seque
808 1848 869 1890 non
883 1829 989 1891 ducem

49 1907 126 1973 adum
139 1915 188 1976 sed
204 1918 293 1977 etiam
313 1933 430 1976 causam
447 1932 511 1977 csse
528 1913 613 1985 belli,
636 1915 751 1994 partitis
767 1914 922 1975 divenditis
941 1920 1018 1975 re·2

48 1986 127 2070 liquiis
153 2000 283 2078 praedae
312 1998 387 2061 nihil
413 1998 490 2061 ultra
518 1999 713 2060 differendum
741 2004 836 2069 ratus,
866 1998 990 2078 Hispani

47 2080 145 2150 generis
158 2083 270 2145 milites
281 2091 431 2145 convocat.
464 2131 482 2154 „
491 2083 580 2144 credo
596 2101 650 2162 ego
665 2092 742 2144 vos“
756 2085 866 2162 inquit,
883 2129 900 2151 „
908 2083 989 2150 socii,
1002 2086 1018 2139 3

7 2168 9 2191 ³
47 2166 70 2218 et
86 2163 159 2240 ipsos
179 2184 306 2230 cernere
332 2169 443 2247 pacatis
461 2167 598 2228 omnibus
620 2166 777 2247 Hispaniae
804 2165 920 2244 populis
941 2173 991 2224 aut

47 2240 186 2313 finiendam
213 2251 301 2312 nohis
326 2249 460 2312 militiam
487 2253 692 2329 exercitusque
714 2247 904 2310 dimittendos
925 2265 990 2307 esse

47 2335 87 2388 aut
102 2332 131 2392 in
149 2333 220 2397 alias
238 2343 336 2396 terras
359 2334 597 2396 transferendum
618 2332 745 2425 bpllum:
770 2334 810 2392 ita
831 2332 910 2391 enim
935 2332 1018 2391 haee

48 2420 134 2485 gentes
146 2436 206 2480 non
229 2420 312 2500 pacis
328 2417 436 2488 solum,
460 2418 512 2479 sed
533 2419 621 2478 etiam
641 2417 781 2477 victoriae
802 2415 888 2476 bonis
902 2414 990 2474 tiore·

47 2489 119 2569 bunt,
137 2504 160 2562 si
173 2521 208 2565 ex
223 2503 290 2564 aliis
309 2501 446 2580 gentibus
459 2500 599 2580 praedam
616 2507 645 2561 et
666 2498 789 2577 gloriam
805 2516 990 2578 quaeremus.

47 2574 209 2659 iisqneonm
228 2586 390 2666 longinqua
407 2604 423 2646 a
438 2585 526 2646 domo
540 2586 629 2644 instet
650 2580 766 2652 militia,
788 2583 1019 2660 incertumquet

47 2660 88 2731 δὴ,
111 2669 227 2747 qnando
247 2670 352 2731 domos
373 2677 483 2729 vestras
501 2676 530 2729 et
552 2685 627 2747 quae
650 2668 754 2745 cuique
775 2664 817 2725 ihi
836 2682 904 2724 cara
924 2671 993 2725 sunt

47 2744 122 2810 viuri
144 2754 221 2825 sitis,
243 2755 350 2834 siquis
371 2761 500 2814 restrum
518 2769 587 2813 suos
602 2751 728 2811 invisere
743 2748 818 2818 volt,
845 2766 991 2810 commea-

47 2831 98 2892 tum
111 2833 155 2898 do.
186 2841 285 2917 primo
300 2855 370 2898 vere
386 2837 469 2898 edico
484 2837 600 2905 adsitis,
618 2844 651 2896 ut
667 2832 721 2896 diis
736 2833 812 2894 bene
826 2833 1021 2894 iuvantibusd

46 2906 142 2979 bellum
161 2922 289 3000 ingentis
306 2920 417 2999 gloriae
433 2921 619 3000 praedaeque
639 2919 771 2980 futurum
787 2918 992 2998 incipiemus.“
1136 2986 1137 2995 ἵ

47 3000 169 3065 omnibns
191 3005 254 3066 lere
280 3004 393 3066 visendi
413 3004 516 3066 domos
540 3003 637 3065 oblata
662 3003 741 3064 ultro
761 3008 890 3081 potestas
911 3007 1021 3078 gratat

47 3089 113 3152 erat,
128 3094 156 3147 et
165 3089 224 3149 iam
237 3088 470 3151 desiderantibus
482 3107 550 3149 suos
562 3095 591 3148 et
607 3087 724 3164 longius
734 3089 765 3145 in
777 3086 907 3147 futurum
922 3101 992 3161 pro·

46 3161 197 3231 ridentibus
219 3172 406 3234 desiderium.
454 3191 509 3252 per
533 3178 627 3232 tntum
646 3178 762 3248 tempus
783 3167 889 3227 hiemis
910 3167 1022 3245 quiestt

46 3243 113 3308 incr
127 3250 243 3315 labores
257 3263 307 3318 aut
321 3256 380 3317 iam
394 3257 552 3317 exhaustos
570 3261 620 3317 aut
634 3273 703 3316 mox
715 3250 930 3326 exhauriendos
945 3267 993 3310 re·

47 3336 152 3396 norant
168 3355 293 3417 corpora
307 3340 478 3419 animosque
491 3338 528 3400 ad
543 3339 641 3399 omnia
657 3338 694 3399 de
710 3339 827 3412 integro
845 3333 992 3416 patienda.

49 3425 106 3474 vere
120 3421 214 3496 primo
230 3423 265 3483 ad
281 3423 410 3485 ediotnm
428 3441 603 3488 convenere.
718 3459 722 3465 =

94 3499 258 3578 Hannibal,
282 3525 349 3569 curn
363 3510 560 3571 recensuisset
574 3507 705 3569 omnium
730 3508 862 3585 gentium
876 3502 1019 3574 auxilios
