2290 3920
142 188 204 251 278
340 201 434 244 meua
448 200 524 243 xxu.
541 199 610 243 oar.
627 187 668 240 tt.
682 177 722 259 [a.
733 202 765 241 u.
778 201 803 239 e.
818 175 879 259 537]

118 350 236 411 lhostis
251 349 437 411 occurrisset.
477 347 529 409 Cn.
547 347 645 424 Scipio
668 354 822 426 postquam
841 347 964 406 movisse
989 363 1023 406 ex
1040 344 1079 405 bi·

144 434 244 494 bernis
268 433 382 494 hostem
406 431 527 502 audivit,
550 431 648 508 prImo
669 430 748 491 idem
765 428 880 491 cornilii
899 431 965 498 init:
988 427 1079 490 deiude

144 516 240 577 minus
256 523 336 577 terra
351 524 473 595 propter
484 517 634 592 ingentem
645 514 753 575 famam
769 532 911 577 novorum
924 512 1079 574 cimiliorum

144 616 323 661 concurrere
338 618 439 670 ausus,
463 597 576 659 delecto
596 596 689 659 milite
710 597 748 658 ad
762 616 850 658 nares
872 599 996 677 inposito
1010 598 1080 676 quin·

145 702 202 763 que
229 692 259 745 et
282 684 402 761 triginta
427 684 543 745 navium
568 681 661 742 classe
683 683 728 742 ire
754 681 869 742 obviam
891 683 969 743 hosti
992 681 1081 760 pergit.

117 767 237 829 baltero
257 767 293 828 ab
312 767 479 828 Tarracone
500 765 547 826 die
567 767 611 826 od
629 768 783 827 stationem
806 766 910 826 decem
924 764 1012 826 milia
1030 782 1081 843 pas·

144 870 230 915 suum
252 852 409 912 distantem
432 848 468 911 ab
496 851 571 910 ostio
597 849 700 910 Hiberi
728 851 823 910 amnis
848 850 991 929 pervenit
1027 844 1082 907 inde

145 935 221 997 duae
246 934 469 996 Massiliensium
506 933 719 1012 speculatoriae
749 936 931 1012 praemissae
961 931 1082 995 rettulere

145 1019 269 1080 classem
285 1019 426 1080 Punicam
443 1025 521 1078 stare
536 1019 567 1077 in
581 1019 656 1078 ostio
676 1017 804 1078 dominis
824 1025 979 1097 castraque
992 1019 1022 1077 in
1033 1017 1082 1093 ripa

118 1103 249 1184 aposita.
287 1104 385 1181 itaque
405 1109 438 1162 ut
457 1101 627 1180 inprovidos
646 1103 837 1181 incautosque
858 1104 996 1162 universo
1014 1095 1082 1162 sind

146 1186 237 1246 effuso
251 1192 367 1246 terrore
384 1187 579 1265 opprimeret,
597 1184 719 1247 sublatis
735 1187 851 1246 ancoris
871 1186 909 1246 ad
927 1186 1035 1247 hostem
1048 1200 1082 1242 u·

146 1270 197 1330 dit.
233 1268 339 1331 multas
364 1276 394 1329 et
413 1269 484 1329 locis
506 1268 572 1329 altis
593 1270 702 1349 positas
728 1271 818 1330 turris
839 1270 981 1349 Hispania
1004 1265 1081 1334 babet,

146 1352 252 1433 quibus
283 1361 314 1414 et
335 1352 465 1432 speculis
490 1360 520 1413 et
550 1352 779 1432 propugnaculis
808 1352 952 1415 adversus
976 1352 1083 1414 latrones

117 1444 277 1499 tutantur.
322 1438 391 1498 inde
413 1439 510 1518 primo
531 1438 697 1516 conspectis
716 1437 844 1498 hostium
867 1437 991 1498 navibus
1004 1436 1083 1496 datam

145 1523 263 1600 signum
284 1521 459 1584 Hasdrubali
482 1527 538 1591 est,
568 1519 767 1600 tumultusque
786 1523 871 1601 prius
894 1523 927 1581 in
953 1529 1042 1582 terrra
1061 1522 1083 1576 ot

147 1607 251 1666 castris
265 1626 353 1686 qnam
369 1606 405 1666 ad
421 1624 503 1666 mare
523 1605 603 1666 etad
619 1622 707 1665 naves
723 1612 767 1665 est
787 1612 885 1675 ortus,
909 1605 1034 1666 nondum
1047 1604 1082 1660 aut

146 1688 233 1768 pulsu
244 1708 394 1750 remorum
404 1691 592 1779 ¹sbtrepituque
609 1687 666 1749 alio
680 1690 797 1750 nautico
818 1689 958 1750 exaudito
971 1693 1018 1750 aut
1030 1701 1082 1763 ape·

120 1771 293 1833 ementibus
308 1772 430 1834 classem
446 1773 674 1852 promunturiis,
697 1790 763 1834 cum
783 1780 909 1852 repente
928 1790 1016 1852 eques
1028 1767 1082 1830 aliur

147 1872 237 1931 super
252 1854 341 1915 alium
359 1855 395 1916 ab
417 1854 600 1917 Hasdrubale
621 1857 727 1917 missus
747 1874 835 1936 vagos
859 1858 891 1917 in
914 1856 999 1917 litore
1021 1853 1081 1933 quic

146 1944 251 2015 tosque
271 1939 303 1997 in
326 1941 460 1999 tentoriis
485 1941 560 2009 suis,
591 1939 664 2000 nihH
689 1941 786 2002 minus
813 1953 904 2021 qnam
928 1938 1083 2002 bostemaut

148 2019 295 2100 proelium
311 2039 346 2081 eo
364 2021 411 2082 die
426 2024 622 2101 expectantis,
648 2023 848 2085 conscendere
869 2043 961 2086 naves
979 2032 1083 2105 propere

148 2110 236 2183 atque
256 2122 339 2166 arma
360 2123 467 2184 capere
486 2105 580 2166 iubet:
612 2105 735 2168 classem
757 2108 923 2173 Romanam
946 2112 1003 2170 iam
1025 2098 1084 2166 baud

121 2186 254 2268 eprocul
280 2197 367 2267 portu
389 2208 462 2251 esse.
492 2190 566 2251 baec
581 2192 694 2271 equites
711 2191 824 2255 dimissi
847 2195 961 2274 passim
980 2193 1082 2269 impera·

148 2271 235 2342 bant;
262 2291 331 2334 mox
357 2271 521 2335 Hasdrubal
548 2275 612 2354 ipse
636 2293 703 2337 cum
733 2278 814 2337 omni
839 2279 973 2338 exercitu
996 2274 1082 2335 aderat

149 2358 289 2435 varioque
300 2358 399 2418 omnia
412 2357 538 2420 tumultu
548 2367 684 2439 strepunt
699 2360 853 2421 ruentibus
866 2362 899 2420 in
916 2378 1001 2421 naves
1016 2347 1082 2416 sind

150 2439 312 2518 remigibus
326 2440 527 2520 militibusque
542 2442 717 2522 fugientium
733 2446 827 2523 magis
844 2450 958 2504 eterra
974 2435 1082 2522 quanin

15 2578 16 2581 ,
107 2529 141 2581 10
150 2539 281 2603 pugnam
300 2526 431 2586 euntium
453 2526 551 2588 modo.
593 2527 711 2588 vixdum
734 2545 837 2589 omnes
862 2522 1080 2588 conscenderant

149 2626 218 2669 cum
230 2607 280 2668 alii
294 2605 430 2670 resolutis
447 2612 507 2672 oris
522 2613 553 2671 in
567 2628 691 2672 ancoras
705 2612 797 2673 evecti
811 2618 967 2680 tenentur,
983 2606 1039 2674 alil,
1056 2612 1081 2659 ΒΕ

150 2691 219 2770 quid
235 2699 342 2762 teneat,
360 2693 507 2756 ancoralia
517 2694 664 2765 incidunt,
676 2696 841 2775 raptimque
854 2696 1080 2773 omniapraepro·

150 2791 221 2854 pere
232 2774 349 2851 agendo
361 2776 636 2855 militumapparatu
643 2780 758 2839 nautica
770 2778 935 2840 ministeria
949 2771 1080 2857 inpediunt

150 2864 212 2927 tur,
237 2857 433 2936 trepidatione
452 2867 608 2921 nautarum
625 2879 731 2941 capere
753 2870 783 2923 et
799 2868 901 2941 aptare
923 2877 1002 2922 arma
1016 2850 1080 2917 mili⁵

108 2947 138 2999 11
150 2939 335 3021 prohibetur.
366 2949 396 3002 et
412 2944 470 3003 iam
487 2944 637 3005 Romanus
655 2963 716 3008 non
738 2944 991 3026 appropinquabat
1004 2932 1076 3002 molt

149 3025 202 3087 sed
222 3024 378 3086 derexerat
398 3027 483 3087 etiam
512 3027 542 3087 in
569 3045 698 3106 pugnam
722 3048 819 3090 naves.
858 3031 957 3109 itaque
980 3011 1078 3089 nortl

150 3111 236 3171 boste
256 3115 286 3170 et
305 3109 419 3188 proelio
441 3113 533 3189 magis
552 3111 644 3173 Poeni
664 3131 752 3191 quam
771 3121 887 3175 suomet
906 3113 964 3192 ipsi
977 3098 1077 3170 tumuit

150 3193 261 3253 turbati
278 3189 333 3274 [et]
358 3201 496 3274 temptata
518 3197 614 3257 verius
634 3214 734 3276 pugna
759 3216 847 3277 quam
869 3197 940 3258 inita
958 3190 1076 3282 infuerit

109 3276 143 3330 12
154 3282 323 3338 averterunt
338 3272 471 3340 classem.
506 3286 536 3339 et
554 3298 620 3340 cnm
636 3280 751 3343 adversi
765 3283 860 3343 amnis
876 3299 907 3343 os
921 3279 978 3340 lato
990 3276 1077 3350 'aqntffl

152 3363 182 3416 et
196 3363 256 3418 tam
272 3359 373 3423 multis
390 3362 478 3423 simul
494 3363 678 3425 venientibus
691 3365 771 3428 baud
780 3384 852 3428 sane
867 3359 999 3426 intrabile
1012 3350 1076 3415 csitb

154 3445 182 3498 in
202 3445 265 3501 titus
281 3460 389 3516 passim
404 3464 494 3508 naves
514 3461 655 3524 egerunt.
679 3463 767 3511 atoue
793 3449 843 3512 alii
859 3448 939 3511 radis
957 3440 1004 3505 alii
1019 3435 1079 3495 doct
