2396 3920
257 217 346 260 nmen
362 219 431 263 vm.
449 217 516 259 cur.
533 205 575 258 28.
592 204 634 258 29.
655 195 693 279 [a.
711 199 745 260 O.
759 205 818 259 326.
832 196 893 278 325}
1013 202 1053 266 79

112 366 249 426 bourlam
262 366 392 446 patribus
405 365 565 429 laceratum
576 368 689 429 iuvenis
698 373 813 446 tergum
825 364 1053 446 procumbentes

111 448 137 508 ad
149 449 327 527 singulorum
342 449 432 530 pedes
447 450 643 512 ostentabant.
672 453 780 512 rictum
793 468 829 510 eo
846 450 892 511 die
908 448 946 511 ob
966 450 1081 529 iope-8

109 539 203 593 tentem
220 534 356 596 iniuriam
368 536 455 596 unius
465 535 569 614 ingens
581 533 728 595 vinculum
741 534 823 604 fidei;
840 536 968 614 iussique
981 550 1051 594 con·

107 614 171 678 soles
181 616 260 679 lerre
273 618 308 679 ad
320 617 477 699 populum,
494 621 625 699 nequis,
639 620 694 680 nisi
707 620 757 698 qui
768 635 875 679 noxam
886 619 1051 686 meruisset,

106 698 187 761 donec
198 719 325 782 poenam
343 702 451 773 lueret,
477 704 506 763 in
519 701 701 783 conpedibus
716 709 765 763 aut
779 703 810 763 in
827 718 918 762 nervo
937 708 1051 763 tenere·

105 790 156 856 tur,
171 787 313 865 pecuniae
329 787 459 848 creditae
480 785 558 848 bona
573 786 729 856 debitoris,
755 803 815 846 non
838 802 945 863 cerpus
960 784 1079 849 oliuo-9

103 869 169 930 tium
185 878 272 932 esset.
301 872 341 931 ita
358 872 426 932 nexi
448 869 549 942 soluti,
571 878 747 951 cautumque
767 872 799 931 in
822 875 991 950 posterum,
1015 886 1052 929 ne

103 961 290 1016 necterentur.

154 1037 251 1100 xxix.
279 1039 391 1100 Eodem
404 1055 481 1100 auno
494 1057 561 1100 eum
573 1041 643 1101 satis
655 1057 710 1118 per
721 1056 754 1100 se
764 1040 862 1118 ipsum
874 1037 1049 1099 Samnitium
1064 1042 1076 1093 t

102 1119 197 1183 bellurn
213 1131 243 1185 et
264 1123 390 1184 delectio
413 1139 521 1202 repens
535 1122 721 1184 Lucanorum
743 1129 936 1202 auctoresque
952 1120 1051 1182 delec-

104 1206 177 1267 tionis
192 1206 347 1268 Tarentini
366 1205 506 1268 sollieitos
529 1205 675 1268 baberent
693 1215 807 1285 patres,
830 1207 954 1267 accessit
972 1212 1052 1266 utet

102 1286 221 1353 lesbnus
240 1289 369 1372 populus
385 1288 565 1353 Samnitibus
587 1309 651 1351 sese
673 1292 875 1370 coniungeret.
905 1308 979 1370 quae
1001 1299 1077 1363 rest
1094 1332 1105 1351 ..
1133 1310 1162 1359 ej

102 1372 164 1434 deut
178 1393 211 1435 eo
227 1394 307 1436 anno
324 1373 512 1436 sermonibus
526 1376 619 1453 magis
638 1375 747 1453 passim
768 1375 921 1435 bominum
944 1374 1062 1434 iactata·
1094 1375 1133 1465 tp

100 1473 173 1534 qoam
189 1460 218 1519 in
233 1459 356 1540 publico
368 1458 427 1520 ullo
439 1457 564 1521 coneilio
580 1464 637 1527 est,
655 1459 694 1518 ita
705 1459 887 1537 insequentis
898 1459 968 1517 anui
980 1474 1049 1517 eon·

100 1540 211 1613 solibus,
239 1544 276 1604 1..
297 1541 530 1605 Furio.Camillo
558 1543 665 1602 iterum
685 1539 770 1601 lunio
796 1541 887 1601 Bruto
913 1540 1049 1609 Scaevae,

99 1624 166 1687 nuda
182 1630 263 1707 prior
288 1629 443 1708 potiorque
458 1628 518 1687 tiso
533 1631 591 1695 est,
616 1627 652 1686 de
667 1643 725 1705 qua
746 1623 783 1685 ad
798 1631 932 1685 senatum
956 1622 1050 1683 reler-

98 1720 163 1777 rent.
186 1720 215 1773 et
233 1729 415 1792 quamquam
432 1727 491 1771 uon
507 1728 579 1771 nora
600 1727 649 1771 res
664 1714 741 1778 erat,
766 1715 864 1769 tamen
886 1713 964 1768 tanta
980 1712 1078 1768 curat

98 1797 334 1869 patresincessit,
360 1802 392 1855 ut
416 1796 525 1873 pariter
550 1812 614 1856 eam
638 1801 803 1872 susceptam
825 1790 1049 1872 neglectamque

98 1877 237 1951 timerent,
255 1897 298 1940 ne
314 1886 363 1939 aut
376 1880 525 1958 inpunitas
536 1897 639 1939 eorum
654 1877 771 1939 lascivia
786 1875 983 1956 superbiaque
1000 1884 1050 1938 aut

99 1959 163 2023 bello
176 1981 294 2043 poenae
306 1964 451 2041 expetitae
466 1971 546 2023 metu
560 1961 728 2043 propinquo
740 1969 829 2041 atque
841 1961 884 2021 ira
896 1962 1049 2021 concirent

98 2042 220 2109 finitimos
237 2046 376 2128 populos.
405 2055 434 2107 et
451 2055 515 2108 erat
528 2064 621 2125 genus
636 2063 723 2107 omne
738 2044 855 2106 abundo
872 2042 950 2105 bello
964 2045 1076 2105 Sam-t

99 2128 193 2192 ultibus
208 2150 280 2212 par,
297 2130 385 2191 blarsi
400 2129 589 2210 Paelignique
605 2138 635 2191 et
649 2129 822 2199 Marrucini,
842 2146 932 2208 quos,
954 2129 979 2188 si
993 2128 1048 2186 Ve-

98 2213 179 2277 stinus
193 2217 404 2293 attingeretur,
427 2231 530 2275 omnes
549 2213 699 2276 habendos
717 2213 826 2274 hostes.
862 2212 1072 2293 vicitjampnb
1094 2256 1142 2347 χχ

97 2312 169 2381 puts,
226 2319 242 2361 a
282 2300 289 2314 ‘
346 2298 601 2361 raesentiarideri
636 2296 843 2379 otpitqnaiorls
858 2274 947 2355 alfi'mi
980 2286 1055 2355 uarr'f
1114 2314 1130 2381 ,ς

92 2381 213 2463 Μὴ
244 2382 284 2444 ed
296 2389 417 2444 eventus
450 2400 516 2443 ocur
553 2370 912 2443 oresiortunam'ldrare‘.
921 2372 974 2439 ‘be
998 2380 1076 2440 irino
1103 2384 1116 2424 ι’

99 2478 128 2523 er
146 2403 929 2545 auetriliffie'wrmpuptrm‘adietsnsveumos
954 2465 1046 2524 iussit.
1084 2518 1102 2551 0
1160 2458 1161 2463 ’

98 2551 235 2624 pruvincia
252 2568 288 2611 ca
302 2550 409 2621 Bruto,
426 2552 579 2612 Samnium
595 2547 718 2610 Camillo
733 2554 814 2607 sorte
832 2547 935 2608 evenit.
963 2552 1075 2606 exer-7

99 2630 163 2694 citus
177 2642 305 2714 utroque
321 2635 415 2706 ducti,
432 2642 462 2695 et
475 2650 545 2694 cura
557 2631 734 2692 tuendorum
748 2630 850 2690 linium
865 2622 963 2690 hostes
977 2644 1046 2707 pro·

99 2711 172 2777 bibiti
197 2720 380 2798 coniungere
403 2735 494 2780 arma.
526 2723 658 2777 ceterum
679 2713 803 2776 alterum
841 2711 991 2774 consulem
1011 2713 1075 2774 1..ss

100 2795 223 2874 Furium,
240 2804 289 2865 cui
300 2804 394 2865 maior
405 2801 497 2864 moles
508 2818 608 2862 rerum
620 2799 745 2879 inposita
757 2807 835 2869 erat,
849 2795 953 2859 morbo
965 2799 1047 2876 gravi

98 2879 253 2961 inplicitum
271 2886 390 2948 fortuna
410 2884 487 2947 bebo
512 2883 671 2954 subtraxit;
697 2885 852 2964 trimosque
872 2881 1073 2943 dictatoreme

100 2962 187 3029 dicere
200 2972 245 3032 rei
260 2969 407 3049 gerendae
419 2987 507 3031 eausa
520 2968 609 3047 longe
620 2967 815 3030 clarissimum
829 2963 908 3027 bello
924 2984 958 3026 ea
973 2975 1046 3027 tem·

99 3057 199 3123 pestate
215 3054 288 3115 dixit
301 3054 335 3115 L.
346 3054 495 3134 Papirium
507 3053 676 3122 Cursorem,
692 3071 708 3114 a
723 3071 781 3132 quo
793 3049 827 3121 Q.
840 3049 947 3110 Fabius
957 3049 1046 3110 blaxi-

98 3147 157 3194 mus
174 3136 325 3200 ltullianus
352 3138 491 3217 magister
511 3138 641 3217 equitum
664 3143 709 3197 est
734 3135 841 3203 dictus,
869 3151 923 3213 par
946 3130 1043 3193 nobile
1060 3137 1091 3189 to

99 3212 180 3278 rebus
193 3221 225 3280 ln
241 3240 275 3283 eo
290 3223 462 3300 magistratu
477 3223 581 3299 gestis,
596 3218 741 3281 discordia
758 3225 868 3287 tamen,
885 3232 942 3294 qua
953 3232 1046 3295 prope

99 3297 130 3358 td
144 3299 275 3367 ultimum
291 3305 487 3378 dimicationis
505 3312 623 3366 ventum
646 3309 704 3373 est,
725 3300 862 3362 nobilius.
892 3298 928 3360 ab
952 3298 1044 3361 altero
1058 3307 1087 3358 lt

100 3383 211 3447 console
232 3389 262 3449 iu
281 3387 409 3450 Vestinis
428 3386 582 3467 multiplex
604 3385 715 3448 bellum
741 3403 796 3447 nee
822 3401 946 3464 usquam
967 3385 1047 3445 vario

100 3475 197 3530 eventu
211 3481 323 3553 gestum
338 3482 391 3535 est.
420 3492 488 3533 nam
504 3480 533 3533 ct
549 3471 722 3551 pervastavit
736 3487 821 3549 agros
836 3477 866 3530 et
879 3466 1046 3547 populando
