2396 3920
122 185 163 248 30
275 196 438 243 mannum.
454 185 630 243 suntme
654 184 688 237 30
715 174 742 259 [a
773 198 793 239 u
820 197 835 237 c
861 173 922 256 411]

121 346 210 411 ambo
230 347 347 427 patricii
369 346 505 408 consules
531 345 622 407 creati
641 353 723 414 sunt,
752 343 790 406 ll.
819 294 952 405 Valerius
969 341 1084 404 Cornus

123 431 242 493 tertium
259 432 293 492 l.
311 429 465 493 Cornelius
481 430 596 493 Cossus.

96 522 110 574 1
183 512 285 576 xxix.
318 513 429 576 Maiora
450 515 509 575 iam
530 514 600 574 hine
623 510 700 573 bella
724 518 754 571 et
776 508 888 573 viribus
907 510 1037 571 hostium
1052 518 1085 569 et

121 595 336 676 longinquitate
350 596 396 658 vel
410 599 566 675 regionum
577 595 627 658 rel·
637 604 804 675 temporum
819 591 960 676 [spatio],
976 591 1087 672 quibus

120 678 263 742 bellatum
278 688 337 750 est,
353 679 499 742 dicentur.
529 697 657 760 namque
672 697 708 740 eo
723 693 801 739 anno
815 676 955 739 adversus
966 677 1085 739 Samni·

92 769 180 831 ties,
202 771 321 842 gentem
337 762 443 844 opibus
459 765 608 844 mmnque
624 761 763 833 validam,
785 768 864 823 mota
878 774 975 830 arma:
999 760 1086 822 Sam·

123 849 228 910 uitium
243 846 354 909 bellum
373 849 494 927 ancipiti
507 848 601 910 Marte
621 852 736 926 gestum
753 845 864 924 Pyrrus
882 844 989 914 hostie,
1011 843 1086 924 eyn

122 948 190 992 rum
206 931 299 992 Poeni
322 933 425 993 secuti.
454 938 563 1011 quauta
583 948 685 993 rerum
702 928 809 992 molest
829 929 966 1009 quotiens
986 928 1019 988 in
1033 944 1089 988 exa

122 1022 219 1075 trema
240 1014 442 1093 periculorum
465 1022 600 1084 rentum,
627 1021 661 1076 ut
686 1014 718 1075 in
742 1012 820 1074 hanc
840 1010 1086 1091 magnitudinem,

96 1098 198 1174 tquae'
212 1099 259 1158 rix
275 1098 449 1168 sustinetur,
474 1100 549 1178 erigi
567 1099 726 1178 imperium
746 1096 859 1176 posseti
892 1094 964 1157 belli
985 1102 1086 1156 autem

124 1197 211 1241 causa
234 1199 302 1242 cum
319 1181 499 1244 Samnitibus
513 1183 668 1253 Romanis,
693 1198 761 1243 curn
781 1181 921 1242 societate
940 1178 1087 1241 amicitia·

126 1281 183 1343 que
208 1265 300 1325 iuncti
313 1273 427 1336 ment,
449 1266 633 1328 extrinsecus
650 1266 741 1335 venit,
759 1280 819 1325 non
834 1271 898 1325 orta
911 1264 991 1324 inter
1003 1264 1088 1342 ipsos

96 1354 177 1410 test.
212 1349 359 1410 Samnites
379 1348 516 1412 Sidicinis
542 1350 649 1411 iniusta
671 1366 767 1418 mma,
792 1349 861 1428 qula
886 1346 996 1408 viribus
1018 1346 1090 1426 plus

123 1436 275 1511 poterant,
297 1450 365 1494 oum
379 1433 563 1505 intulissent,
584 1434 680 1495 coacti
693 1435 798 1512 inopes
812 1432 849 1492 ad
865 1430 1087 1511 opulentiorum

95 1515 265 1578 oauxilium
282 1516 457 1596 coningere,
474 1518 630 1598 &mpanis
643 1535 709 1579 sese
724 1517 915 1594 coniungunt.
945 1515 1089 1594 Campani

124 1601 217 1678 magis
241 1618 350 1669 nomen
374 1601 411 1662 ad
437 1602 616 1682 praesidium
641 1601 789 1662 sociorum
810 1617 899 1680 quam
918 1600 997 1659 sires
1017 1616 1090 1659 cum

125 1683 305 1754 attulissent,
327 1684 452 1746 fluentes
473 1685 544 1746 luxu
561 1684 599 1746 ab
614 1686 726 1746 duratis
745 1702 800 1746 usu
821 1700 978 1744 armorum*
993 1682 1024 1742 in
1038 1682 1090 1742 Si·

125 1766 221 1827 dicino
241 1764 319 1845 pulsi
341 1784 429 1845 agre
451 1769 482 1829 in
502 1786 535 1829 se
550 1767 657 1828 deinde
672 1765 780 1829 molem
798 1784 917 1828 omnem
934 1764 1006 1826 belli
1019 1783 1090 1826 ucr-

97 1855 234 1911 tterunt.
267 1867 394 1930 namque
411 1850 558 1913 Samnites
579 1853 694 1914 omissis
709 1851 847 1913 Sidicinis
866 1852 960 1930 ipsam
985 1866 1090 1911 arcem

124 1933 316 1994 finitimorum
338 1934 503 2014 Campanos
524 1935 635 2007 adorti,
664 1935 744 1998 unde
767 1953 859 2016 aeque
880 1932 975 1995 iacilis
995 1935 1089 1995 victo-

126 2018 183 2088 ria,
205 2016 334 2096 praedae
352 2024 439 2096 atque
458 2017 570 2098 gloriae
584 2019 651 2098 plus
669 2027 762 2091 esset,
782 2016 894 2088 Tifata,
914 2018 1090 2079 insumentis

126 2100 241 2181 Capuae
256 2098 354 2172 collis,
378 2119 445 2164 cum
464 2103 612 2182 praesidio
629 2105 714 2166 firmo
729 2109 936 2183 occupassent,
963 2100 1091 2162 descen·

126 2185 199 2246 dunt
220 2184 289 2245 inde
310 2184 454 2264 quadrato
476 2188 593 2266 agmine
615 2189 647 2249 in
668 2185 835 2268 planitiem,
859 2204 934 2267 quac
958 2185 1090 2266 Capuam

97 2277 113 2326 7
126 2268 280 2347 Tifataque
294 2269 459 2330 interiacet
490 2269 532 2331 ibi
546 2289 650 2333 rursus
665 2273 729 2334 acle
747 2272 933 2340 dimicatum
949 2269 1091 2331 adverse·
1112 2306 1115 2311 ·

125 2369 183 2431 que
199 2349 315 2429 proelio
333 2351 476 2432 Campani
490 2355 568 2415 intra
583 2357 700 2417 moenia
718 2354 867 2435 conpulsi,
893 2370 960 2415 cum
977 2351 1091 2414 robore

124 2435 283 2496 iuventutis
302 2452 373 2497 suae
395 2438 493 2498 acciso
511 2437 591 2500 nialla
610 2440 778 2520 propinqua
798 2456 866 2519 spes
880 2443 971 2507 essct,
994 2438 1091 2498 coacti

124 2527 193 2581 sunt
207 2519 246 2581 ab
259 2518 400 2583 Romanis
417 2528 521 2600 petere
538 2523 688 2584 auxilium.

98 2611 110 2663 1
184 2603 273 2666 xxx.
302 2603 404 2684 Legati
424 2606 585 2668 introducti
608 2608 639 2667 in
662 2614 795 2667 senatum
810 2605 937 2666 maxime
957 2605 989 2666 in
1010 2603 1090 2665 hanc

125 2689 302 2749 sententiam
323 2687 414 2749 locuti
438 2697 520 2751 sunt:
543 2691 697 2769 „populus
717 2707 771 2751 nos
787 2689 953 2768 Campanus
975 2687 1089 2767 legatos

126 2770 162 2832 ad
179 2787 246 2840 vos,
262 2777 363 2849 patres
380 2774 555 2852 conscripti,
577 2775 656 2834 misit
670 2774 828 2835 amicitiam
847 2775 878 2832 in
899 2778 1088 2852 perpetuum.

98 2852 265 2917 acontium
290 2871 432 2931 praesens
457 2874 474 2917 a
499 2855 588 2917 vobis
608 2859 740 2938 petitum.
787 2860 875 2937 ’ῳιιιιι
900 2856 926 2915 si
948 2854 1089 2916 secundis

125 2937 215 2999 rebus
231 2939 342 2998 nostris
363 2941 553 3019 petissemus,
576 2942 652 3003 sicut
669 2950 772 3021 coepta
787 2940 927 3010 celerius,
944 2940 990 2999 lta
1004 2938 1088 2999 inilr·

126 3024 221 3087 miore
245 3021 362 3082 vinculo
394 3032 544 3086 conuecta
566 3034 653 3088 esset.
698 3032 768 3085 tunc
787 3025 887 3107 enim,
913 3031 948 3084 ut
973 3024 1026 3102 qui
1051 3039 1087 3083 cx

126 3125 220 3187 aequo
247 3124 302 3169 nos
330 3109 444 3170 venmse
468 3111 500 3170 in
528 3111 686 3172 amicitiam
717 3109 967 3177 meminissemus,
997 3106 1086 3166 amici

126 3193 248 3252 forsitan
274 3193 386 3270 pariter
410 3210 445 3254 ac
467 3211 560 3263 nunc,
592 3193 715 3254 subiecti
741 3198 829 3272 atque
854 3189 975 3252 obnoxii
1002 3187 1084 3250 robis

100 3275 383 3348 amtnusessemns;
412 3294 505 3348 nunc,
522 3275 726 3338 misericordia
737 3283 834 3337 vestra
845 3273 992 3335 conciliati
1002 3273 1083 3332 auxi·

127 3358 225 3437 lioque
246 3358 278 3416 in
292 3356 389 3422 dubiis
402 3361 493 3422 rebus
507 3360 636 3431 defensi,
657 3359 833 3421 beneficium
846 3375 964 3439 queque
981 3373 1083 3434 accep·

127 3449 191 3503 tum
205 3437 335 3504 colamus
355 3450 486 3524 oportet,
509 3462 547 3506 ne
567 3445 676 3521 ingrati
696 3450 784 3524 atque
804 3443 885 3504 omni
905 3458 962 3521 epo
987 3439 1082 3500 divine
