2290 3920
279 218 374 265 amun
383 220 414 263 x.
431 217 500 264 cer.
515 208 559 263 46.
570 209 614 262 47.
627 197 667 282 [a.
680 202 715 265 0.
729 201 791 286 293]
862 246 871 255 ι
952 209 1015 273 199

62 368 156 430 humus
169 371 257 432 ettam
271 372 303 431 in
318 370 496 451 stipendium
510 369 636 431 militum
650 369 798 432 conlatum
813 379 871 444 est,
887 392 954 435 cnm
988 374 1014 434 sl

61 461 149 530 spreta
165 453 260 532 gloria
274 454 377 516 luisset
388 457 518 534 captivae
532 456 675 535 pecuniae
690 456 721 515 iu
735 457 881 518 aerarium
893 455 1011 529 inlatae,

5 574 7 593 1
61 543 87 596 et
95 536 176 619 militi
187 556 297 601 munus
309 538 373 600 dari
385 557 421 599 ex
432 539 541 620 praeda
554 546 584 601 et
596 538 774 619 stipendium
785 539 910 602 militare
924 560 1011 621 prae·
1138 568 1139 577 ¹

61 624 123 683 stari
140 624 293 703 potuisset.
340 623 442 685 aedem
467 624 582 695 Quirini
604 622 763 684 dedicavit·
895 626 927 684 in
948 626 1012 704 ipsa
1020 632 1041 681 a

61 706 238 769 dimicatione
253 640 944 788 vonum-numm
965 710 1010 770 in·

5 782 7 851 ἶ
61 793 150 862 renio,
166 810 266 873 neque
275 791 397 854 hercule
408 799 467 853 tam
481 793 586 870 exiguo
596 799 731 871 tempore
744 793 888 872 perlicere
899 794 1010 872 potuis·
1138 870 1139 875 ἵ

5 900 7 937 ε
60 882 108 936 sct:
123 875 1010 1022 aufmemmprssnstQfflffiicaassxor·

6 980 7 985 ¹
60 962 184 1041 nevitque
201 961 332 1025 hostium
350 959 466 1041 spoliis,
485 977 611 1041 quorum
624 967 676 1021 tan
818 967 1039 1031 nouitate

59 1060 110 1104 non
132 1043 276 1126 templum
298 1053 409 1107 tantum
430 1045 587 1125 lorumque
608 1047 644 1105 iis
655 1051 826 1115 ornaretur,
847 1045 900 1107 sed
922 1045 1010 1106 sociis

60 1127 134 1189 etiam
151 1130 324 1209 colonisque
340 1130 481 1191 finitumis
496 1129 532 1190 ad
550 1127 728 1209 templorum
749 1127 940 1210 locorumque
954 1144 1009 1209 pu·

8 1280 9 1283 Ἴ
59 1207 190 1306 laicorum
211 1221 350 1356 (gnatum
371 1212 581 1277 dividerentur.
616 1211 1038 1360 Quill
1138 1192 1139 1195 Ἴ

59 1296 1010 1391 Μωὲῌὲθὲωίωμῦϋᾞθεὶθ-ΜΜΕΜΝΜΒ

6 1420 11 1425 η
61 1388 126 1458 erat
141 1380 192 1467 Q
192 1389 332 1466 pagnanum
349 1381 439 1442 duxit.

5 1520 7 1525 s
107 1463 185 1525 Inter
198 1465 275 1527 haec
287 1464 370 1527 (iarn
392 1483 412 1526 u
442 1461 545 1525 consul
557 1463 589 1523 in
600 1462 718 1524 Etruria
731 1464 862 1526 Troilum
877 1466 1007 1544 primum
1018 1469 1053 1520 10

6 1566 13 1607 f
59 1562 216 1626 oppugnare
239 1548 362 1610 adortus
382 1548 614 1628 quadringentos
637 1549 821 1626 septuaginta
841 1547 1008 1617 ditissimos,

15 1696 19 1705 ‚
59 1634 168 1706 pecunia
183 1633 294 1712 pandi
307 1640 423 1713 pactos,
444 1639 478 1693 ut
492 1632 574 1693 abire
588 1631 659 1692 iudo
680 1630 799 1701 liceret,
815 1631 938 1701 dimisit,
959 1638 1050 1692 co·1t

5 1752 8 1777 s
59 1719 140 1776 uram
160 1717 380 1779 multitudinem
403 1715 601 1797 oppidumque
626 1717 723 1795 ipsum
747 1717 776 1776 vi
803 1716 890 1796 cepit.
939 1714 1009 1778 inde

11 1818 12 1821 ¹
60 1798 174 1878 quiaque
197 1800 319 1862 castella
343 1799 416 1861 locis
439 1801 494 1861 sita
513 1801 634 1861 munitis
649 1801 834 1880 expugnavit.
863 1817 947 1861 caesa
966 1798 1009 1860 ibi
1019 1807 1056 1859 12'

11 1880 12 1883 ’
59 1875 174 1945 hostium
192 1885 253 1947 duo
275 1883 355 1946 milia
378 1883 601 1963 quadringenti,
621 1885 719 1946 miuus
743 1885 801 1946 duo
821 1883 901 1947 milia
921 1886 1008 1965 capti.

61 1969 84 2021 rt
97 1964 212 2031 Faliscis
226 1987 335 2049 pacem
350 1967 521 2046 petentibus
533 1969 787 2030 annuasiudutias
803 1969 883 2031 dedit
906 1977 1009 2050 pactus

61 2055 164 2112 ccumm
184 2054 267 2114 milia
288 2053 385 2131 gravis
403 2053 480 2113 aeris
501 2059 530 2112 ct
552 2051 729 2130 stipendium
744 2055 808 2117 eius
822 2054 889 2114 anni
911 2051 1009 2113 militi·

60 2145 113 2192 ous.
141 2134 186 2197 his
203 2136 297 2199 rebus
311 2137 384 2197 actis
394 2135 430 2196 ad
448 2135 630 2215 triumphum
643 2135 781 2207 decessit,
796 2145 831 2198 ut
840 2138 938 2197 minus
950 2135 1008 2214 cla·
1021 2141 1052 2194 ta

5 2226 10 2249 ⁵
61 2218 168 2297 rumvdo
183 2219 382 2290 Samnitibus,
403 2238 490 2299 quam
507 2219 636 2298 collegae
656 2220 825 2299 triumphus
838 2219 950 2287 luerat,
970 2220 1010 2278 ita

8 2352 9 2355 ,
63 2300 164 2362 summo
179 2304 299 2364 Etrusci
311 2301 382 2364 belli
399 2311 564 2383 aequatum.
603 2305 681 2365 aeris
701 2305 798 2381 gravis
818 2301 937 2363 tulitin
959 2309 1053 2363 aeto
1138 2342 1139 2345 ,

62 2383 159 2446 urium
173 2394 308 2448 trecenta
323 2388 470 2466 octoginta
485 2385 580 2458 milia;
603 2387 717 2467 reliquo
734 2404 802 2448 aere
819 2386 921 2448 aedem
937 2385 1009 2447 For·

61 2461 92 2522 lis
105 2465 251 2540 Fortunae
266 2469 303 2531 de
316 2470 464 2532 manubiis
484 2470 648 2531 taciendam
670 2471 775 2531 locavit
795 2487 889 2548 prope
906 2470 1010 2531 aedem

62 2544 115 2609 eius
134 2552 204 2614 deae
226 2553 266 2615 alr
289 2572 360 2633 rege
375 2555 478 2617 Servio
496 2551 594 2615 Tullio
614 2552 793 2621 dedicatam:
813 2561 845 2614 et
864 2552 1007 2613 militibus
1019 2558 1051 2610 to

64 2636 214 2711 erpa-aeda
229 2644 371 2699 centenos
386 2637 472 2698 binos
491 2653 570 2698 asses
584 2644 614 2696 ot
633 2634 757 2697 alterum
779 2643 891 2697 tautum
907 2643 1009 2696 centu·

63 2711 182 2806 tionibus
203 2728 291 2800 atque
311 2719 459 2801 equitibus
481 2719 662 2799 malignitate
684 2719 813 2798 collegae
840 2719 953 2799 gratius
975 2737 1010 2780 ac
1138 2776 1139 2785 2

64 2797 227 2872 elpientibus
249 2822 357 2865 munus
373 2804 477 2865 divisit.
510 2804 593 2865 lavor
616 2800 745 2865 consulis
766 2810 877 2866 tutatus
898 2803 935 2865 ad
955 2823 1007 2884 po·
1020 2811 1054 2862 16
1138 2812 1139 2815 ’

64 2876 154 2951 lulum
172 2893 217 2947 est
236 2887 269 2949 L.
290 2888 473 2953 Postumium
499 2886 628 2965 legatum
651 2887 741 2958 cius,⁴
756 2889 807 2968 qui
827 2888 903 2949 dicta
926 2887 972 2948 dic
993 2906 1010 2949 a

5 3046 6 3051 ἵ
64 2955 97 3017 Μ.
110 2962 224 3031 Scantio
248 2970 485 3051 tribunoplebis
507 2971 625 3050 fugerat
642 2973 673 3031 iu
695 2970 858 3049 legatione,
879 2971 1011 3033 utiama

5 3121 6 3135 χ
65 3038 179 3121 larebat,
200 3053 302 3132 populi
316 3055 472 3124 iudicium
497 3057 660 3134 iactarique
685 3057 778 3137 magis
800 3072 888 3135 quam
907 3057 1010 3132 peragi

5 3154 6 3157 =
65 3134 198 3195 accusatio
213 3139 275 3199 cius
290 3146 415 3216 poterat.

114 3211 220 3279 alvu.
260 3220 370 3282 Exacto
395 3224 455 3282 iam
474 3238 551 3281 auno
580 3223 646 3282 novi
665 3220 778 3281 tribuni
802 3221 897 3300 plebis
918 3225 1037 3301 magi-t

66 3297 177 3388 Stratum
203 3304 344 3376 inierant,
372 3305 476 3386 hisque
499 3305 582 3383 ipsis,
616 3306 684 3386 quia
711 3306 781 3365 vitio
801 3307 892 3366 creati
916 3316 1008 3379 eraut,

67 3387 183 3458 quinquo
195 3394 260 3463 post
275 3388 337 3450 dies
351 3387 399 3450 alii
416 3388 539 3450 suffecti.
577 3390 703 3453 lustrum
718 3389 869 3451 conditum
881 3409 916 3452 eo
932 3410 1009 3453 auno

67 3463 106 3516 esi
127 3478 142 3520 ³
166 3464 197 3525 P.
224 3469 359 3541 Cornelio
378 3473 485 3535 druna
514 3472 545 3535 C.
565 3472 677 3537 Marcio
701 3473 800 3537 Rutilo
824 3474 1041 3537 censoribustt
