2350 3922
560 112 561 115 Ἴ
587 66 596 107 f

128 234 193 300 304
297 253 482 303 marum.
507 252 576 294 one.
592 242 635 294 48.
650 241 693 291 49.
718 231 760 310 [a.
778 253 809 292 n.
826 251 853 293 o.
867 231 931 309 538]

91 393 119 485 34
128 411 212 485 parte
223 405 400 470 conseritur,
416 402 512 481 quieti
524 407 713 477 manserunt3
729 407 885 479 postquam
896 401 1030 461 omnium
1044 401 1114 460 ani·

87 540 94 567 ,
129 506 193 549 mos
208 487 366 566 oculosque
381 493 578 564 occupaverat
592 492 759 554 certamen,
774 491 839 545 tum
854 485 984 562 arreptis
998 487 1112 553 scutis,

89 608 93 619 =
130 589 205 653 quae
217 574 329 650 passim
339 573 422 630 inter
433 588 554 631 acervos
564 587 719 630 caesorum
731 574 993 648 corporumstrata
1006 578 1111 638 erant,

89 730 93 739 ‚
130 674 264 718 aversam
286 656 462 716 adoriuntur
476 652 637 715 Romanam
660 656 771 723 aciem,
795 660 937 732 tergaque
958 654 1113 716 lerientes

91 804 97 809 ,
130 760 163 802 ac
184 739 313 821 poplites
333 739 492 800 caedentes
513 746 642 816 stragem
662 740 816 815 ingentem
836 754 869 797 ao
891 738 1038 798 maiorem
1054 737 1113 798 ali·

98 816 117 907 {⁵
130 831 239 906 quanto
254 841 393 903 pavorem
410 842 444 885 ao
458 824 617 883 tumultum
633 823 781 882 fecerunt.
820 839 889 882 cnm
911 820 981 882 alibi
1003 828 1114 882 terror

94 914 100 969 ζ
131 928 165 969 ac
180 909 264 985 luga,
288 907 360 968 alibi
383 910 520 987 pertinax
542 910 574 967 in
595 908 672 968 mala
694 909 755 966 iam
776 923 829 986 spe
849 905 996 985 proelium
1010 914 1110 976 esset,

92 1014 100 1077 q
130 991 297 1053 Hasdrubal
309 990 363 1061 **,
387 994 438 1072 qui
454 1010 489 1052 ea
504 999 588 1070 parte
604 996 755 1070 praeerat,
773 989 937 1052 subductos
951 1006 989 1050 ex
1003 990 1113 1052 media

92 1076 106 1167 ᾗ
130 1079 194 1138 acie
209 1075 369 1144 Numidas,
386 1078 455 1155 qnia
467 1077 567 1153 segnis
579 1092 683 1135 eornm
692 1092 761 1136 cum
773 1074 909 1136 adversis
917 1090 1017 1154 pugna
1029 1083 1113 1144 erat,

99 1158 118 1211 fi
131 1161 167 1222 ad
182 1159 405 1238 persequendos
418 1161 531 1235 passim
545 1160 688 1237 fugientis
703 1161 811 1229 mittit,
828 1158 974 1238 Hispanos
989 1165 1021 1218 et
1037 1157 1113 1220 (lal-

99 1250 104 1303 L:
131 1245 176 1388 lqs
191 1244 308 1322 equites
318 1243 399 1305 diris
413 1246 471 1304 iam
486 1262 578 1323 prope
589 1245 678 1305 fessis
692 1245 782 1304 caede
794 1244 889 1320 magis
901 1256 990 1322 quam
1000 1260 1113 1323 pugna

98 1338 103 1369 ῑ
131 1331 221 1389 ainn
244 1329 279 1387 it.

101 1412 118 1549 ὲ
191 1344 294 1471 ΧξΙΧ.
323 1412 411 1472 Parte
427 1413 519 1473 altera
534 1429 650 1491 pugnae
666 1411 789 1480 Paulus,
811 1428 990 1491 quamquam
1004 1413 1112 1489 primo

100 1556 105 1585 ὅ
132 1499 232 1558 statim
252 1496 367 1575 proelio
388 1497 479 1557 lunda
500 1500 630 1577 graviter
650 1498 728 1556 ictus
749 1496 863 1566 luerat,
887 1503 986 1556 tamen
1008 1503 1043 1555 et
1058 1514 1111 1556 oc·

99 1600 106 1679 q
132 1584 227 1644 currit
242 1599 331 1660 saepe
347 1600 414 1642 curn
429 1582 574 1642 confertis
588 1579 747 1641 Hannibali
763 1589 794 1640 et
804 1580 916 1659 aliquot
931 1579 1004 1640 locis
1016 1596 1110 1658 proe-

131 1666 204 1728 lium
220 1667 361 1735 restitnit,
378 1664 605 1744 protegentibus
619 1682 688 1725 eum
698 1664 849 1744 equitibus
860 1663 1001 1724 Romanis
1014 1666 1112 1724 omis·

102 1804 107 1819 ,
132 1751 174 1810 sis
188 1755 339 1828 postremo
354 1752 448 1829 equis,
466 1752 536 1826 qnia
551 1749 702 1809 consulem
718 1756 748 1808 et
763 1749 800 1809 ad
815 1748 980 1826 regendum
994 1766 1111 1828 equom

101 1828 211 1915 linires
226 1831 413 1895 deficiebant.
449 1841 513 1895 tum
536 1834 723 1910 denuntianti
744 1834 864 1908 puidam
886 1834 1019 1913 iussisse„
1035 1850 1110 1893 eon·

101 1934 108 1973 a
132 1915 227 1984 sulem
248 1915 284 1975 ad
307 1916 399 1994 pedes
414 1917 595 1978 descendere
617 1919 748 1997 equites
772 1918 882 1991 dixisse
905 1914 1111 1978 Hannibalem

54 1986 233 2083 filerunt
256 2015 370 2087 quarn
393 2000 525 2143 mallemp
548 2002 662 2061 vinctos
683 2001 757 2074 mihi
773 2002 938 2077 maerw
968 2005 1111 2078 equiturn

99 2090 103 2125 ἲ
131 2082 270 2162 pedestre
285 2101 357 2162 prce
369 2100 445 2153 rum,
462 2102 520 2163 qua
533 2085 620 2144 elam
631 2083 710 2145 haud
725 2084 815 2146 dubia
826 2086 955 2146 bostium
967 2087 1110 2153 victoria,

112 2196 115 2217 ι
131 2168 201 2237 luit,
218 2185 286 2227 cum
301 2169 370 2227 victi
387 2170 462 2228 mori
478 2171 509 2228 in
525 2170 650 2246 vestigio
665 2169 785 2230 mallent
800 2188 888 2249 quam
904 2170 1026 2247 lugere,
1045 2172 1111 2229 vie·

132 2261 212 2312 tores
227 2251 413 2313 morantibus
427 2255 583 2314 victoriam
597 2256 667 2313 irati
683 2254 884 2323 trucidarent,
900 2272 976 2333 quos
989 2253 1112 2332 pellere

104 2335 190 2409 bnon
211 2343 357 2414 poterant.
394 2337 574 2416 pepulerunt
599 2344 698 2398 tamen
719 2339 780 2399 iam
800 2355 910 2418 pancos
933 2341 1111 2416 superantis

104 2410 162 2553 qet
176 2418 277 2480 labore
293 2439 328 2480 ac
342 2416 517 2482 vulneribus
532 2423 637 2483 fessos.
667 2420 738 2483 inde
755 2422 890 2501 dissipati
905 2438 1010 2482 omnes
1027 2430 1108 2491 sunt,

114 2520 283 2585 *equosque
295 2505 331 2565 ad
344 2506 445 2583 fugam
457 2507 509 2584 qui
521 2512 659 2585 poterant
673 2505 863 2586 repetebant.
893 2506 916 2568 C
1003 2507 1109 2567 ntulus
1171 2578 1172 2583 γ

115 2587 271 2651 {tribunus
297 2589 464 2650 militumr
1019 2677 1066 2707 “-

104 2670 812 2767 suranna-cometamuumuunet
834 2722 853 2745 n
882 2721 888 2736 ·

115 2772 124 2849 q
153 2755 195 2813 nit
283 2774 350 2816 uem
370 2777 463 2818 unum
478 2761 626 2820 insontem
647 2758 693 2818 cul
717 2777 751 2818 ae
767 2759 860 2820 cladis
937 2762 1041 2821 ieruae
1056 2759 1107 2820 dei

120 2862 123 2867 ·
190 2840 284 2899 uicere
316 2841 725 2921 eentoapebuncenuum.
758 2850 850 2904 umet
862 2841 917 2904 tibi
950 2846 985 2859 '⁸
1018 2869 1034 2900 ιι
1052 2843 1105 2904 ali·

137 2924 262 2994 rfflsqfflr
276 2947 280 2957 ·
294 2941 315 2958 ’·
349 2971 357 2994 ,
382 2951 385 2960 ¹
546 2984 555 2997 .
892 2970 896 2981 ,
1007 2952 1033 2993 a}
1095 2971 1104 2987 .

103 3009 169 3075 Qne
184 3006 333 3068 funestam
361 3027 429 3069 sanc
451 3027 580 3092 pgunam
595 3018 691 3071 more
715 3012 846 3073 consulis
865 3012 990 3090 [caepim
1015 3015 1104 3073 etiarn

102 3092 834 3239 llslssQQOE-Qfflfflsslf‘
870 3096 908 3157 ad
932 3095 1104 3158 eaconsul:

126 3180 193 3257 „tu
214 3193 265 3253 qur
287 3195 349 3237 em.
397 3197 424 3239 n.
445 3174 578 3249 Corneli,
603 3186 699 3240 macte
721 3182 831 3240 virtute
854 3187 934 3252 esto;
957 3180 1010 3242 sed
1034 3198 1104 3241 eave

129 3258 243 3319 trustra
253 3263 423 3323 miserando
434 3265 573 3342 exiguum
586 3270 732 3343 tempusa
744 3264 1025 3327 manibusbnstium
1037 3282 1104 3327 era-

91 3338 1103 3493 rependiabsumas.ab1'4purgtia,pubQQbus.mbmaiiu
1168 3400 1169 3405 ,

131 3422 161 3483 ln
203 3440 249 3483 am
260 3430 394 3490 muniant
409 3449 442 3491 ac
492 3451 556 3492 rus
577 3433 973 3495 uamhostisuctoradren'
1069 3451 1103 3492 e·

130 3502 1103 3634 sQan
