2396 3920
270 253 367 295 eruere
379 254 433 296 vu.
449 254 515 295 cnr.
533 241 631 296 ul.eo.
652 232 691 316 [a.
708 234 742 297 O.
758 232 820 316 343]
1000 241 1041 304 37
1158 210 1159 213 ¹

109 417 189 462 onnes
206 403 281 465 ictus
303 402 369 462 sine
397 419 448 462 sua
473 402 605 480 pernicie
624 403 744 481 poterit.
782 402 968 466 nos'deinde
991 406 1074 467 ante

106 481 200 546 tortum
215 484 317 566 populi
332 486 458 547 Romani
482 492 532 547 aut
553 491 653 548 nostra
668 486 761 547 vuius
775 487 943 564 expediet.“
968 504 1038 549 con·
1070 500 1076 557 ς

102 564 215 629 laudatus
235 569 273 631 ab
295 569 418 632 consule
439 576 562 649 accepto
580 567 728 648 praesidio
749 569 827 629 vadit
841 568 973 633 occultus
985 589 1040 650 per
1070 584 1077 617 ³
1110 624 1112 631 Α

101 648 202 722 sdtrrm3
223 671 278 715 nec
299 655 384 734 prius
408 651 444 715 ab
467 652 552 715 hoste
570 660 616 714 est
637 654 730 723 dous,
751 670 838 732 quam
852 654 933 726 loco,
951 673 1039 735 quem
1065 624 1076 709 1

98 733 213 810 petebat,
238 738 493 818 adpropinquavit.
535 735 605 798 iude
637 736 831 804 admiratione
863 712 1070 821 paventibusd

99 820 195 880 cunctis
206 839 271 882 curn
284 823 458 883 omninmln
473 839 506 882 se
516 818 776 891 vertissetoculos,
790 827 819 882 et
830 823 957 899 spatium
967 840 1038 883 con·
1065 870 1071 899 ,

98 899 144 960 suli
157 900 230 964 dedit
244 905 282 966 ad
296 903 523 968 subducendum
538 921 644 983 agmen
659 906 690 964 in
708 904 878 983 aequiorem
895 903 992 965 locum
1010 914 1039 965 et

97 982 191 1060 ipsein
206 1007 321 1051 summo
334 989 465 1051 constitit
478 988 596 1049 vertice.
626 988 789 1059 Samnites,
808 987 877 1050 dum
894 987 954 1050 huc
969 986 1038 1049 illuc
1053 999 1079 1051 9:

98 1067 166 1144 signa
176 1076 297 1143 vertunt,
311 1075 466 1153 utriusque
476 1072 522 1134 rei
533 1074 639 1134 amissa
650 1073 805 1134 occasione
816 1091 912 1153 neque
922 1073 1039 1152 insequi
1076 1098 1081 1109 r

100 1152 227 1216 consulem
243 1159 300 1218 nisi
315 1176 373 1238 per
388 1157 512 1218 eandem
526 1155 648 1227 vallem,
664 1158 697 1217 in
711 1175 768 1236 qna
783 1157 870 1237 paulo
885 1164 953 1220 ante
967 1156 1037 1218 sub·
1079 1222 1083 1231 ,

99 1232 257 1303 iectnmeum
267 1242 340 1303 telis
350 1240 591 1312 suisbabuerant,
605 1249 729 1320 possunt
740 1258 795 1302 nec
803 1243 920 1320 erigere
932 1258 1038 1320 agmen
1082 1260 1088 1281 ’-

101 1315 126 1375 iu
143 1330 245 1400 captum
262 1344 358 1407 super
381 1344 413 1386 se
430 1325 466 1387 ab
486 1322 576 1386 llecio
598 1324 752 1386 tumulum.
784 1325 836 1386 sed
859 1343 927 1386 cum
944 1326 989 1386 ira
1004 1326 1036 1386 in
1047 1333 1079 1385 lt

102 1396 147 1460 bos
161 1409 256 1485 magis,
279 1410 335 1490 qui
356 1409 504 1470 fortunam
525 1407 673 1486 gerendae
698 1408 744 1468 rei
765 1410 951 1487 eripuerant,
974 1415 1037 1470 tum
1085 1432 1088 1441 ·

98 1487 276 1568 ,lropioqntas
289 1493 354 1555 loci
367 1497 455 1572 atque
469 1494 533 1570 ipsa
550 1493 683 1570 paucitas
702 1492 819 1560 insitae
843 1499 872 1552 et
885 1509 964 1551 nunc
980 1493 1078 1574 cir-,lt

107 1568 218 1634 condere
231 1578 363 1656 undique
378 1576 484 1637 collem
498 1575 620 1636 armatis
633 1572 749 1643 volunt,
766 1581 798 1632 ut
812 1591 829 1633 a
844 1571 965 1634 consule
980 1573 1036 1634 Dc·
1073 1590 1075 1597 ’

104 1648 166 1713 tium
177 1655 384 1732 intercludant,
401 1678 481 1720 nunc
498 1660 573 1719 vlam
588 1655 770 1737 patefacere,
786 1663 819 1717 ut
836 1655 991 1734 degressos
1006 1657 1037 1717 in
1067 1660 1074 1739 5'

101 1731 184 1798 rdlem
197 1743 378 1807 adoriantur.
409 1745 554 1814 incertos,
569 1741 639 1822 quid
654 1748 790 1819 agerent,
806 1759 866 1803 nox
881 1742 1037 1821 oppressit.
1071 1752 1076 1803 ὲ

100 1813 199 1886 benun
208 1830 339 1906 primum
354 1846 422 1908 spes
439 1829 533 1889 tenuit
543 1844 611 1887 cum
628 1824 822 1888 subeuntibus
836 1827 867 1888 in
881 1825 1035 1887 adversum
1047 1824 1080 1909 12

100 1899 184 1968 colem
199 1928 232 1972 ex
246 1913 404 1994 superiore
417 1911 483 1972 loco
501 1929 533 1973 se
551 1916 765 1992 pugnaturum
788 1909 895 1971 deinde
909 1911 1036 1971 admira·
1067 1936 1071 1945 ⁴

98 1985 130 2043 iio
141 1989 264 2069 incessit,
281 1996 363 2077 quod
384 2013 440 2057 nec
453 2013 583 2075 pugnam
600 1994 712 2056 inirent
726 2012 795 2065 nee,
819 1996 845 2055 si
862 1994 899 2055 ab
915 2014 950 2055 eo
966 2011 1037 2056 oon·
1062 1992 1070 2057 ξ

98 2066 151 2132 silio
166 2075 318 2160 iniquitate
335 2078 394 2141 loci
418 2078 654 2149 deterrerentur,
677 2095 768 2158 opere
783 2097 814 2141 se
829 2076 962 2157 valloque
980 2079 1037 2137 cir·

96 2156 257 2226 conducet.
290 2172 353 2226 tum
371 2162 593 2225 centurionibus
611 2162 648 2222 ad
664 2179 696 2221 se
711 2164 834 2223 vocatis:
864 2166 1080 2241 „quaenamtje
1157 2214 1159 2225 ,

94 2232 135 2296 illa
145 2240 252 2310 inscitia
274 2247 345 2309 belli
356 2263 391 2310 ac
407 2248 527 2327 pigritia
543 2253 601 2318 est,
617 2252 667 2307 aut
684 2262 813 2325 quonam
833 2244 922 2308 modo
937 2245 985 2306 isti
1002 2262 1038 2305 ex

95 2312 212 2412 1111111113
232 2332 450 2411 Campanisque
468 2331 619 2393 victoriam
641 2329 839 2409 pepereruntl
875 2329 934 2390 huc
950 2335 1041 2409 atque
1051 2352 1062 2413 p

94 2399 152 2467 illuc
164 2412 243 2491 signa
263 2417 375 2476 moveri
393 2433 428 2475 ac
445 2414 534 2475 modo
548 2415 579 2474 in
596 2431 686 2474 unum
703 2413 835 2474 conferri
849 2413 937 2474 modo
954 2411 1061 2493 educi}
1158 2414 1159 2417 ’

95 2486 194 2556 videtis:
215 2517 292 2578 opus
311 2498 431 2579 pridem
445 2499 550 2579 incipit
570 2488 673 2564 neino,
693 2514 762 2557 cum
781 2498 841 2556 iam
862 2496 1062 2581 circumdati}

95 2568 156 2635 vallo
177 2583 359 2658 potuerimus
382 2601 456 2644 esse.
492 2591 554 2641 tum
570 2597 639 2639 vero
656 2596 710 2639 nos
725 2577 837 2639 similes
854 2579 980 2638 istorum
998 2578 1080 2651 siu

94 2668 160 2730 mli,
174 2664 201 2723 si<
211 2666 320 2729 diutius
332 2666 382 2727 bie
396 2680 563 2734 moremur,
587 2679 676 2741 quam
691 2659 879 2722 commodum
895 2662 942 2722 sit.
975 2662 1037 2739 agi·
1052 2652 1061 2741 }

94 2739 193 2817 ledum,
207 2751 248 2810 ite
261 2768 392 2820 mecum,
410 2756 458 2821 ut,
475 2747 545 2810 dum
559 2747 633 2809 lueis
644 2743 755 2824 aliqud
766 2753 915 2826 superest,
930 2745 1038 2827 quibus
1053 2736 1066 2869 ἱ

96 2813 156 2887 bris
164 2833 307 2908 praesidia
318 2841 439 2914 ponant,
451 2850 509 2914 qua
520 2830 805 2911 pateatbinoexltus,
818 2830 1037 2911 exploremus.“
1058 2834 1067 2893 ,ζ
1158 2888 1159 2901 ,

94 2900 158 2970 baec
179 2918 275 2979 omnia
299 2917 402 2995 sagulo
422 2914 536 2996 gregali
557 2916 696 2986 amictus,
724 2915 946 2993 centurionibus
964 2917 1036 2976 item
1047 2880 1080 3023 11

94 2995 308 3077 manipularium
320 3001 447 3063 militum
461 2999 566 3062 babitu
583 2999 688 3068 ductis,
705 3016 743 3059 ne
759 2999 864 3061 ducem
878 2999 1037 3060 circumire
1070 3030 1079 3065 e

95 3065 344 3157 heracleonem,
360 3081 558 3166 perlustravit.
583 3080 696 3146 XXXV.
727 3068 839 3162 Vigiliis
855 3081 961 3142 deinde
977 3080 1037 3141 dis·
1053 3089 1066 3141 l

94 3161 184 3252 ipsius
197 3171 302 3231 ceteris
313 3169 450 3232 omnibus
467 3167 612 3230 'tesseram
628 3166 693 3227 dari
708 3166 804 3240 iubet,
825 3165 875 3226 ubi
891 3163 1038 3225 secundae
1158 3182 1159 3185 ¹

95 3242 196 3319 vigiliae
208 3250 314 3316 bucina
329 3253 430 3315 datum
452 3253 569 3332 siguum
590 3258 682 3320 esset,
705 3250 811 3311 armati
831 3265 899 3309 cum
920 3247 1038 3310 silentio

95 3322 125 3384 ld
134 3343 164 3391 tc
174 3339 371 3401 convenirent.
397 3355 455 3417 quo
468 3336 534 3407 ubi,
550 3336 626 3396 sicut
641 3331 767 3394 edietum
780 3340 859 3403 erat,
874 3333 956 3396 taciti
966 3350 1037 3394 con·
1052 3343 1068 3392 2

95 3420 239 3492 venemnt,
250 3422 329 3491 „hoe
343 3419 509 3489 silentium,
525 3417 648 3484 milites,
665 3416 760 3495 inquit
773 3417 904 3490 „omisso
916 3415 1039 3478 militari

96 3490 207 3564 a(iterun
220 3506 251 3566 in
268 3517 316 3566 me
337 3502 483 3565 audiendo
505 3499 679 3564 servandum
698 3506 751 3562 est.
788 3499 840 3562 ubi
861 3497 1037 3563 sententiam
