2280 3926
262 248 355 294 amaa
368 251 411 293 rx.
429 250 497 294 aaa.
512 237 556 293 aa.
573 229 613 312 [a.
629 233 664 295 o.
681 240 743 296 aoo.
758 232 822 315 soa]
960 241 1022 302 147

79 393 156 464 eavit,
170 404 341 479 coactusque
353 415 498 459 consensu
512 397 612 478 populi
625 399 777 462 Cornelius
787 399 932 463 Barbatus
943 419 1018 483 pon·

72 476 140 538 tiles
154 481 295 543 maximus
306 480 396 544 rerba
410 484 542 562 praeire,
561 500 628 544 oum
639 500 723 544 more
734 485 880 547 maiorum
895 494 1020 564 negaret

77 560 126 621 nisi
137 563 282 628 consulem
299 573 349 627 ant
369 567 579 645 imperatorem
598 584 686 645 posse
707 564 849 646 templum
871 567 1018 631 dedicare.

76 644 162 725 ltaque
182 664 217 709 ex
238 651 410 711 auctoritate
425 656 545 712 senatus
567 648 659 712 latum
679 651 716 711 ad
736 649 879 730 populum
900 659 960 723 est,
981 671 1019 715 ne

14 784 15 787 ,
76 729 131 809 quis
145 731 282 812 templum
297 752 414 795 aramve
427 734 538 795 iniussu
556 741 676 796 senatus
690 741 739 796 aut
754 733 941 797 tribunorum
955 736 1019 816 ple·

75 810 115 874 bei
146 816 214 877 artis
228 819 347 879 maioris
362 816 521 879 dedicaret.
663 886 666 890 ,

78 833 448 965 mem
463 920 527 963 rem
544 918 600 982 per
617 920 663 972 se,
679 903 736 963 nisi
753 902 964 965 documentum
979 905 1017 965 sit

12 1040 13 1043 ,
75 979 198 1045 adversus
211 985 383 1066 superbiam
397 984 539 1047 nobilium
552 984 684 1066 plebeiae
698 984 857 1058 libertatis,
878 987 1017 1050 aeleram.

12 1078 14 1081 ·
75 1063 104 1124 ad
117 1066 253 1148 collegam
275 1087 397 1148 aegrum
417 1070 529 1131 visendi
546 1087 633 1131 causa
654 1069 768 1132 Flavius
790 1089 858 1133 cum
878 1073 1015 1141 venisset,

74 1165 263 1234 consensuque
283 1152 426 1215 nobilium
444 1152 688 1225 adulescentium,
715 1156 766 1234 qui
779 1154 820 1216 ibi
834 1155 1016 1226 adsidebant,

74 1232 261 1300 adsurrectum
276 1239 304 1299 ei
315 1255 375 1298 non
393 1245 479 1316 esset,
495 1237 627 1299 curulem
640 1238 751 1299 adferri
764 1237 866 1301 sellam
883 1259 917 1301 eo
933 1240 1019 1301 iussit

73 1333 100 1377 ae
112 1319 176 1381 sede
191 1321 315 1383 honoris
330 1322 376 1382 sul
390 1322 493 1384 anxios
507 1322 616 1381 invidia
630 1322 766 1382 inimicos
781 1325 932 1401 spectarit.

12 1412 13 1415 ’
124 1403 258 1468 Ceterum
274 1404 406 1466 Flavium
423 1404 537 1466 dixerat
552 1402 676 1466 aedilem
697 1404 824 1467 lorensis
848 1406 945 1477 lactio,
961 1408 1015 1487 alp.
1028 1412 1060 1465 lu

70 1481 168 1549 Claudii
184 1507 312 1552 censura
326 1491 403 1549 vlres
415 1495 513 1557 nacta,
529 1488 579 1567 qui
590 1494 724 1547 senatum
739 1490 852 1566 primus
863 1488 1017 1550 libertino-

25 1645 29 1653 ,
70 1571 195 1635 rundlils
210 1573 294 1634 lectis
308 1574 557 1652 inquinaveratet,
569 1578 760 1650 posteaquam
775 1589 840 1632 eam
855 1570 1015 1632 lectionem
1027 1579 1057 1631 11

10 1678 12 1691 2
69 1667 143 1716 nemo
158 1665 254 1719 ratam
268 1654 380 1728 habuit,
395 1672 452 1716 nec
467 1657 499 1715 in
514 1656 595 1717 curia
610 1653 733 1734 adeptus
749 1662 821 1726 erat,
838 1672 911 1736 quas
924 1656 1016 1734 petie·

68 1743 107 1798 rat
116 1759 182 1820 opes
193 1741 340 1811 urbanas,
356 1737 517 1801 humilibus
530 1756 586 1818 per
597 1740 693 1800 omnis
705 1739 799 1801 tribus
810 1738 1016 1801 detentorum

9 1832 11 1859 ³
69 1828 235 1906 etcampum
252 1825 393 1904 corrupit.
424 1829 597 1901 tantumque
611 1821 701 1884 Flavii
723 1824 841 1885 comitia
856 1823 1015 1903 indignita-
1027 1829 1061 1880 la

68 1906 99 1965 tis
112 1907 292 1978 babuerunt,
307 1916 341 1969 ut
354 1906 489 1987 plerique
503 1905 646 1968 nobillmn
660 1905 763 1968 anulos
776 1925 883 1969 aureos
899 1916 928 1969 et
944 1907 1016 1988 pha·

8 2046 10 2051 .
67 1986 133 2053 leros
146 1994 340 2073 deponerent.
366 2009 403 2051 ex
422 2009 457 2051 eo
479 1998 613 2070 tempore
632 1992 664 2051 in
685 1990 757 2053 duas
772 2000 872 2072 partes
883 1991 1016 2054 discessit
1027 1997 1059 2050 13

68 2074 171 2138 civitas:
193 2075 272 2138 aliud
292 2077 409 2153 integer
428 2072 554 2154 populus
576 2074 673 2135 lautor
695 2084 724 2136 et
744 2075 839 2137 eultor
860 2074 1015 2145 bonorum,

67 2155 134 2221 aliud
148 2161 275 2222 lorensis
289 2159 377 2221 factio
393 2157 524 2228 tenebat,
541 2157 635 2219 donec
650 2159 684 2230 Q.
699 2158 807 2221 Fabius
821 2165 852 2220 et
864 2158 897 2219 P.
909 2159 1015 2219 Decius
1027 2165 1059 2216 14

67 2254 195 2306 censores
209 2245 297 2313 iacti,
317 2249 346 2304 et
365 2241 488 2312 Fabius,
510 2241 598 2304 simul
612 2242 788 2303 concordiae
810 2258 912 2312 causa,
930 2240 1016 2301 simul

66 2341 98 2386 ne
111 2327 342 2393 humillimorum
357 2327 388 2387 in
404 2343 494 2388 manu
508 2326 626 2387 comitia
640 2334 753 2395 essent,
777 2342 895 2387 ornnem
916 2323 1016 2386 loren-

67 2422 121 2473 sen
133 2412 251 2475 turbam
266 2417 416 2473 excretam
433 2410 465 2471 in
487 2414 625 2489 quattuor
644 2408 740 2471 tribus
760 2409 901 2480 coniecit,
927 2408 1015 2470 urba·

67 2508 167 2576 nasque
182 2512 232 2559 eas
248 2492 412 2576 appellavit.
445 2492 577 2572 adeoque
593 2510 659 2553 eam
675 2511 740 2554 rem
755 2500 907 2571 acceptam
923 2493 1061 2571 gratiale

67 2580 162 2641 animis
176 2580 283 2651 ierunt,
298 2586 331 2641 ut
346 2578 466 2639 Maximi
479 2591 653 2652 cognomen,
667 2576 746 2654 qnod
761 2582 804 2635 tot
813 2576 943 2636 victoriis
956 2592 1015 2635 non

67 2672 222 2740 pepererat,
240 2664 296 2725 bae
317 2661 460 2724 ordinum
477 2659 691 2738 temperatione
701 2663 831 2738 pareret.
857 2656 1015 2743 abeodem

66 2743 222 2885 {tentatum
237 2748 359 2826 dicitur,
374 2741 654 2839 QQEQllillll
667 2740 869 2823 Quinctilibus
883 2734 1015 2811 banare-

86 2839 208 2894 crentur.
