2280 3926
330 224 424 266 umus
435 225 477 265 11.
494 223 563 266 eur.
579 211 604 260 l.
617 200 658 284 [a.
676 203 712 265 (i.
727 210 787 262 ete.
803 201 865 286 321]
1031 208 1074 274 93

105 390 173 439 pum
183 374 297 425 turbaret
309 382 334 423 et
345 374 373 422 iu
381 371 421 422 itis
434 378 536 438 propter
547 372 638 423 uitulus
648 370 715 420 vires
727 371 899 423 dominaretur
910 386 940 439 ,e
951 372 982 431 Q.
995 372 1073 424 Feblo

111 456 218 492 musore
232 442 262 489 iu
279 447 398 504 quetteur
412 441 492 491 tribus
508 440 611 489 reducto
628 448 682 498 est,
703 452 766 501 ques
787 440 894 490 urbanos
917 438 1072 505 appellavit3

109 524 192 573 esque
200 523 243 557 res
252 507 331 558 Feblo
340 508 549 558 Moximonomen
562 506 640 556 dedit.
663 506 690 554 iu
701 503 750 554 hoe
761 505 825 556 libro
837 506 1074 557 mention'embubet

109 575 267 637 Alexandri,
288 575 332 639 qul
348 574 506 641 temporibus
523 574 563 621 his
579 573 642 635 fuit,
661 581 686 621 et
701 573 842 622 aestimetis
857 573 947 639 populi
963 574 1073 624 Romani

107 644 224 708 viribus,
237 655 369 706 queetuue
379 651 462 703 eraut,
474 640 578 707 telligit,
590 640 764 690 tlblexender
772 640 797 688 iu
810 639 908 690 ltelium
919 642 1072 704 traiecisset,

109 725 161 761 suu
174 720 226 761 tem
241 709 343 761 itellem
356 710 379 759 ei
394 709 526 759 uictoriam
539 709 572 756 de
592 707 688 775 populo
700 708 815 758 liomeuo
827 706 896 770 iore,
908 721 983 770 quem
997 709 1029 758 de
1040 709 1072 758 iis

102 778 242 842 gentibus,
255 791 317 839 queo
330 777 362 826 ed
375 777 502 829 Orientem
514 778 619 840 imperio
632 789 679 826 suo
692 775 842 825 subieeeret.

197 1039 198 1042 ¹
222 1046 299 1109 ΤΙΤΙ
318 1047 392 1109 LIVl
411 1047 458 1109 ΑΒ
479 1048 579 1110 URBE
601 1048 763 1111 CONDITA
784 1047 896 1109 LIBER
915 1046 965 1108 ix.

174 1216 197 1278 l.
224 1216 363 1295 Sequitur
373 1217 452 1277 bunc
464 1234 573 1278 ennom
586 1216 693 1279 nobilis
703 1215 787 1277 elude
797 1216 931 1278 Romane
942 1215 1100 1278 Ceudinel

109 1319 171 1381 pex
189 1298 225 1361 T.
240 1298 360 1361 Veturio
375 1299 492 1363 Calvino
510 1300 560 1380 Sp.
575 1299 725 1362 Postumio
746 1299 926 1362 oonsulibus.
959 1301 1103 1361 Samni-2

107 1395 160 1448 tes
176 1401 211 1444 eo
224 1400 302 1445 enno
316 1386 525 1465 imperatorem
547 1385 578 1446 C.
599 1384 736 1446 Pontium
749 1384 899 1445 llerrenui
914 1383 1007 1445 tilium
1022 1384 1074 1444 he·

110 1469 258 1539 buertmt,
273 1476 358 1547 petre
368 1467 455 1546 longe
466 1468 696 1548 prudentissimo
707 1475 818 1539 netum,
833 1469 963 1547 primum
977 1469 1074 1546 ipsum

110 1551 288 1614 bellatorem
298 1552 472 1632 ducemque.
503 1553 544 1621 is,
560 1551 612 1612 ubi
623 1548 728 1630 legati,
743 1552 794 1630 qui
807 1549 846 1610 ed
861 1548 1011 1611 dedendos
1025 1568 1075 1611 ree
1087 1553 1103 1606 3

112 1637 197 1699 missi
212 1643 310 1706 erent,
326 1654 399 1716 pete
412 1635 522 1698 iniecta
539 1635 707 1697 redierunt:
723 1653 789 1705 „ue
803 1631 878 1696 nihil
893 1642 991 1695 aetum
1000 1641 1018 1666 “
1028 1635 1074 1695 iu·

113 1722 178 1802 quit
192 1719 275 1791 „hee
291 1719 437 1799 legatione
452 1722 611 1792 censeatis,
636 1722 785 1799 expiatum
803 1726 860 1789 est,
877 1717 1021 1800 quidquid
1038 1736 1074 1779 ex

112 1803 236 1865 loedere
253 1811 341 1883 rupto
361 1807 474 1866 irerruu
494 1807 526 1866 ln
545 1823 600 1866 nos
621 1804 790 1867 caelestium
812 1804 877 1866 fuit.
912 1804 983 1866 setis
1002 1805 1103 1874 seio,4

113 1887 347 1969 quibuscumque
367 1888 422 1949 diis
443 1888 527 1950 cordi
551 1890 607 1951 fuit
626 1888 724 1968 subigi
745 1906 802 1951 uos
816 1888 853 1951 ad
868 1890 1075 1951 necessitatem

113 1972 243 2034 dedendi
261 1990 324 2044 res,
345 1990 420 2052 quae
439 1971 476 2034 eb
491 1973 577 2035 uobis
600 1992 636 2036 ex
653 1972 773 2035 loedere
787 1974 930 2054 repetitae
946 1974 1073 2043 ruerant,

112 2059 138 2117 is
155 2074 218 2118 uon
235 2057 324 2118 luisse
342 2056 426 2118 eordi
446 2063 506 2118 tem
521 2056 649 2138 superbe
670 2057 707 2119 eb
721 2057 863 2120 Romanis
877 2057 1006 2120 foederis
1024 2075 1074 2118 ex·

112 2142 273 2222 piationem
293 2149 432 2221 spretam.
464 2141 535 2222 qtrid
564 2144 642 2204 enim
662 2141 740 2204 ultre
765 2143 831 2204 lieri
855 2142 893 2203 ed
916 2136 1102 2222 placendose

112 2226 186 2286 deos
200 2225 435 2306 mitigandosque
451 2225 587 2294 homiues
601 2228 711 2306 potuit,
728 2245 816 2307 quem
834 2226 912 2306 quod
931 2242 985 2286 nos
1002 2225 1073 2285 leci·

79 2335 84 2339 ·
112 2308 198 2373 musi
209 2326 259 2369 res
272 2308 401 2371 boetium
411 2312 443 2371 ln
457 2308 567 2390 praeda
577 2318 692 2390 reptes,
707 2329 782 2391 quae
794 2309 944 2388 beleure
955 2314 1075 2371 nostrae

113 2392 302 2463 videbuntur,
318 2396 502 2463 remisimus;
518 2401 654 2457 auctores
668 2394 754 2466 belli,
767 2396 835 2475 quie
850 2396 931 2456 vives
945 2410 1005 2455 non
1020 2397 1103 2474 po-ti

113 2479 238 2550 numus,
251 2477 425 2556 perfunctos
432 2479 497 2559 jam
520 2479 579 2538 iate
595 2478 778 2548 dedidimus3
797 2477 876 2539 bone
894 2497 1012 2549 eorum,
1034 2478 1075 2540 'ne

111 2561 183 2642 quid
203 2579 240 2622 ex
261 2563 435 2641 oeutagione
455 2578 549 2621 noxae
568 2568 740 2622 remuneret
752 2579 844 2640 penes
858 2579 928 2631 uos,
948 2561 1074 2623 Romam

112 2646 304 2724 portavimus.
334 2645 405 2725 quid
419 2645 495 2707 ultre
508 2643 579 2714 tibi,
595 2643 743 2717 Romane,
767 2643 838 2725 quid
857 2644 994 2715 foederi,·
1004 2645 1102 2725 quidr

112 2730 169 2789 diis
184 2728 306 2791 arbitris
320 2729 432 2791 debeol
457 2747 545 2810 quem
560 2727 616 2791 tibi
624 2735 743 2791 tuarum
754 2730 876 2801 irarum,
891 2748 979 2811 quem
991 2746 1073 2791 meo-

111 2832 178 2874 rum
195 2810 548 2894 suppliciorumpudieem
560 2815 669 2885 ierem,
687 2817 856 2888 nemiuem,
872 2833 968 2896 neque
980 2833 1074 2896 popu·

111 2897 172 2959 lum
185 2915 283 2977 neque
297 2899 457 2978 privatum,
473 2897 563 2977 logie.
596 2898 713 2980 quodsi
727 2899 801 2961 nihil
816 2918 883 2963 eunt
906 2901 1103 2979 potentior-ee

101 2984 186 3055 auris
200 2981 323 3042 humaui
333 2981 511 3061 relinquitur
527 2983 623 3063 inopi,
637 2991 667 3044 et
677 3003 733 3063 ego
747 2983 785 3046 ed
801 2985 873 3046 deos
886 2984 1017 3045 vindices
1028 2984 1074 3044 in·

111 3064 284 3127 tolerantiae
301 3064 458 3146 superbiae
473 3066 641 3147 eoulugleru
656 3075 686 3129 et
704 3068 865 3147 precabor,
885 3076 918 3128 ut
933 3069 994 3127 ires
1007 3073 1104 3129 suase

110 3150 336 3220 vertentiueoe,
350 3150 739 3230 quibusuousuaoreddltee
749 3170 807 3223 res,
824 3169 885 3213 uon
897 3150 1010 3212 alienae
1022 3149 1073 3211 ed·

109 3230 441 3304 oumulauesetissiutt
453 3237 806 3315 quorumsuevitiemnou
818 3235 1072 3312 memoriarum,

110 3334 173 3377 nou
190 3315 301 3377 deditio
315 3320 549 3381 exanimatorum
562 3337 735 3400 corporum,
751 3336 811 3381 non
825 3318 904 3382 boue
920 3321 1073 3401 sequentia

108 3401 226 3462 domiui
248 3400 428 3463 deditionem
449 3405 607 3476 exsatient,
629 3404 742 3485 plectri
762 3411 912 3485 nequeunt
929 3407 987 3466 niel
1000 3404 1073 3466 beu·
1100 3399 1102 3403 ’

108 3484 251 3544 tiendum
263 3487 436 3565 sanguinem
451 3486 646 3571 laniandaque
660 3492 773 3552 viscere
788 3498 889 3552 nostre
899 3487 1076 3569 praebueri-
