2396 3920
130 207 169 266 74
268 219 361 261 nauso
376 219 439 260 tun.
457 219 525 260 cna.
541 207 584 260 aa.
599 207 641 259 24.
659 195 698 279 [a.
714 221 744 259 u.
762 219 787 259 c.
805 205 864 258 427.
883 194 943 279 428]

129 365 314 438 dictatorem,
336 385 432 446 neque
442 366 479 428 ab
491 366 610 428 consule
624 367 758 445 cuiquam
777 363 895 445 publice
914 367 1085 445 privatimve

89 456 120 508 to
131 449 166 510 de
183 468 216 511 ea
236 468 269 512 re
283 451 425 530 scriptum
438 468 517 521 esse,
533 468 588 511 nec
602 467 777 530 quemquam
793 449 960 511 mortalium
976 459 1084 519 extare,

128 535 177 612 qui
192 551 223 594 se
238 534 346 596 vidisse
360 541 410 595 aut
424 534 538 595 audisse
550 533 620 613 quid
636 532 728 603 dicat,
745 533 824 612 quod
839 535 1003 613 auspicium
1016 534 1084 595 diri·

127 626 236 689 meret,
256 636 352 698 neque
373 635 498 696 augures
514 618 645 678 diunare
659 617 769 678 Romae
787 615 925 678 sedentes
943 618 1084 697 potuisse,

128 701 198 780 quid
212 704 243 762 in
259 704 363 765 castris
377 700 491 763 consult
505 702 566 762 vitii
582 700 756 766 obvenisset.
790 702 838 761 cui
856 718 916 762 non
930 718 1084 781 apparere,
1183 768 1184 771 Ἴ

88 789 117 841 17
129 786 207 863 quod
218 785 351 867 plebeius
363 786 487 847 dictator
498 787 549 856 sit,
559 785 589 846 id
602 785 703 846 vitium
716 783 876 863 auguribus
886 785 997 846 visum?
1012 785 1085 860 baec
1183 848 1184 853 ,

127 868 1085 950 aliaqoeabtribunisnequiquamiactata;tamenadiuterreguum
1183 878 1184 883 ’

126 971 176 1014 res
185 954 281 1026 rediit
290 954 444 1033 dilatisque
454 952 508 1014 alia
520 961 607 1032 atque
618 950 673 1013 alia
683 950 721 1012 de
731 969 818 1013 causa
830 953 956 1013 comitiis
964 961 1087 1031 quartus
1183 1030 1184 1033 Ἴ

126 1036 258 1098 decimus
279 1037 398 1098 demum
419 1039 552 1098 interrex
574 1037 607 1098 L.
628 1035 768 1096 Aemilius
789 1033 924 1097 consules
949 1044 1032 1097 creat
1052 1037 1083 1098 C.

125 1118 289 1181 Poetelium
304 1121 336 1182 L.
348 1120 499 1200 Papirium
510 1118 700 1198 Mugilanum.
732 1119 889 1180 Cursorem
904 1121 936 1180 in
950 1119 1016 1182 aliis
1034 1138 1083 1180 an·

127 1201 244 1266 noiibus
258 1205 386 1264 invenio.
1180 1250 1181 1253 ,

98 1291 113 1343 l
188 1284 287 1349 xxlv.
320 1224 509 1433 Eodffiuno
523 1286 735 1349 Alexandream
748 1287 921 1367 inaegypto
935 1285 1083 1367 proditum
1165 1301 1166 1304 ’

126 1369 289 1441 conditam,
313 1370 384 1432 Alex
424 1371 569 1452 doumque
583 1371 665 1450 Epiri
689 1389 790 1450 regern
810 1369 847 1432 ab
865 1369 951 1432 exule
965 1370 1082 1432 Lucano
1183 1436 1184 1463 ¹

99 1454 315 1517 2interlectum
332 1462 426 1516 sortes
440 1454 589 1527 Dodonaei
606 1455 680 1521 lovis
702 1461 807 1515 eventu
827 1454 1007 1516 adfirmasse.
1035 1473 1081 1516 ac·

125 1539 182 1600 cito
195 1538 231 1600 ab
246 1538 413 1603 Tarentinis
423 1540 455 1600 in
467 1538 579 1601 ltaliam
592 1539 657 1599 data
670 1538 757 1599 dictio
770 1545 846 1608 erat,
863 1543 980 1599 careret
989 1537 1081 1603 dobe-

125 1625 236 1683 rusiam
251 1641 356 1702 aquam
371 1622 603 1702 Pandosiamque
617 1621 739 1690 urbem;
759 1620 801 1682 ibi
816 1621 884 1683 latis
902 1622 965 1681 eius
981 1623 1081 1702 termi-

98 1710 197 1765 3uum
217 1706 289 1767 dari.
324 1725 417 1786 eoque
438 1708 520 1767 ocius
541 1706 701 1767 transmisit
729 1705 759 1764 in
783 1704 910 1773 ltaliam,
941 1712 1081 1784 utquam

121 1789 250 1849 maxime
270 1790 374 1869 procul
395 1789 511 1851 abesset
526 1788 600 1850 urhe
620 1788 765 1850 Pandosia
789 1790 820 1848 in
835 1789 924 1868 Epiro
945 1796 976 1849 et
988 1789 1081 1850 ltelac-

122 1879 209 1933 ronte
221 1874 314 1944 amni,
330 1892 418 1953 quem
434 1890 469 1935 ex
479 1873 635 1935 Molosside
647 1872 786 1936 liuentem
803 1874 834 1931 in
850 1880 952 1950 stagna
966 1872 1081 1935 interm

94 1956 229 2035 ‹taccipit
244 1954 437 2037 Thesprotius
453 1959 544 2018 sinus.
578 1965 708 2017 ceterum
728 1964 761 2017 ut
782 1956 877 2017 lerme
897 1955 1035 2034 fugiendo
1051 1956 1080 2016 in
1182 1965 1183 1968 ’

122 2039 218 2100 media
240 2039 298 2101 iata
318 2042 430 2112 ruitur,
452 2059 519 2101 cum
541 2058 628 2119 saepe
648 2041 778 2101 Bruttias
793 2039 984 2118 Lucanasque
1010 2039 1081 2118 legi-

121 2141 194 2184 ones
210 2122 347 2194 fudisset,
364 2122 536 2185 Heracleam
550 2123 778 2185 Tarentinorum
797 2121 957 2193 coloniam,
974 2122 1081 2183 Poten-

121 2209 192 2267 tiam
214 2225 250 2267 ex
265 2207 392 2268 Lucanis
406 2207 619 2286 Sipontumque
636 2205 673 2244 'l‘
688 2206 869 2268 Bruttiorum
884 2200 919 2267 ac
932 2207 1080 2277 Terinam,

121 2288 192 2349 alias
205 2289 276 2349 inde
290 2291 502 2368 Messapiorum
523 2289 757 2351 aofLucauorum
777 2293 902 2370 cepisset
922 2289 1030 2360 urbes,
1053 2298 1083 2350 et

120 2380 268 2432 trecentas
283 2371 411 2435 familias
424 2371 564 2437 inlustres
580 2373 611 2432 in
627 2372 765 2453 Epirum,
788 2392 860 2454 quus
875 2373 1011 2437 obsidum
1026 2392 1080 2435 uu·

93 2463 206 2516 omero
220 2454 358 2527 haberet,
375 2458 515 2528 misisset,
531 2455 610 2518 haud
626 2455 730 2534 procul
745 2456 888 2521 Pandosia
902 2457 977 2518 urbe
993 2459 1081 2518 iumi-

120 2549 210 2602 nente
226 2541 353 2603 Lucanis
371 2560 405 2603 ac
419 2541 542 2603 Bruttiis
560 2538 667 2602 tinibus
687 2542 741 2601 tris
753 2540 882 2602 tumulos
899 2539 1082 2620 aliquantum

119 2626 197 2685 inter
212 2643 244 2685 se
257 2625 401 2687 distantes
413 2626 535 2697 insedit,
551 2623 704 2704 exquibus
717 2625 901 2686 incursiones
914 2626 946 2685 iu
962 2640 1081 2686 omnem
1182 2653 1183 2706 l

89 2713 106 2764 o
118 2714 235 2784 partem
246 2710 310 2784 agri
322 2708 435 2770 hostilis
446 2710 565 2769 iaceret.
592 2715 621 2768 et
632 2708 773 2769 ducentos
787 2707 882 2769 ferme
892 2708 1082 2771 Lucanorum

120 2787 221 2849 exules
239 2791 318 2851 circa
332 2809 364 2850 se
379 2809 434 2870 pro
448 2790 514 2851 fidis
523 2789 664 2861 babebat,
680 2798 713 2851 ut
726 2789 868 2871 pleraque
884 2792 947 2852 eius
962 2793 1083 2870 generis

18 2898 28 2901 Α
57 2881 103 2930 ’Ἴ
118 2873 237 2949 ingenia
251 2881 334 2943 sunt,
347 2892 414 2934 cum
429 2874 546 2935 fortuna
561 2872 732 2935 mutabilem
747 2882 884 2952 gerentes
897 2874 997 2937 tidem.
1024 2875 1082 2935 im·

118 2954 188 3016 bros
200 2957 331 3017 continui
342 2959 451 3036 campis
464 2957 598 3018 omnibus
611 2957 760 3018 inundatis
766 2976 833 3019 cum
846 2957 1083 3020 interclusissent

118 3039 263 3102 trifariam
282 3042 443 3103 exercitum
459 3060 475 3102 a
491 3047 592 3105 mutuo
614 3042 693 3102 inter
714 3058 746 3102 se
767 3041 890 3116 auxilio,
913 3041 971 3103 duo
992 3059 1083 3120 prae·

117 3123 206 3195 sidia,
223 3143 298 3204 quae
310 3127 374 3186 sine
384 3143 456 3204 rege
468 3133 565 3193 erant,
581 3126 731 3202 inproviso
746 3125 873 3187 hostium
887 3124 1014 3186 adventu
1025 3143 1082 3205 op·

118 3208 301 3283 pritannium
319 3208 480 3289 deletisque
491 3210 532 3269 eis
543 3209 580 3270 ad
594 3208 685 3287 ipsius
696 3207 880 3270 obsidionem
891 3226 996 3269 omnes
1007 3224 1083 3270 con·
1159 3216 1164 3225 '

89 3289 204 3346 eversi.
234 3291 302 3351 iude
317 3291 353 3353 ab
368 3294 493 3355 Lucanis
510 3292 643 3354 exulibus
659 3291 696 3352 ad
711 3309 779 3354 suos
795 3293 888 3353 nuntii
902 3293 985 3353 missi
999 3301 1081 3360 sunt.

118 3375 262 3446 pactoque
275 3373 372 3436 reditu
385 3378 563 3455 promissum
579 3383 624 3439 est
638 3392 740 3452 regem
756 3384 806 3437 aut
824 3378 918 3435 vinam
934 3383 984 3436 aut
997 3394 1083 3437 mor·

89 3455 200 3510 otuum
219 3452 250 3510 in
272 3463 445 3531 potestatem
467 3459 594 3521 daturus.
629 3466 761 3520 ceterum
782 3477 848 3520 cunr
871 3458 994 3522 delectis
1014 3459 1085 3540 ipse
