2350 3922
175 217 245 283 284
289 273 292 277 ,
355 231 449 272 nunna
464 229 542 270 1111.
561 228 627 273 orn.
644 215 744 267 1115.
762 203 804 287 [a.
819 230 850 268 u.
869 201 966 286 1531]

181 386 243 440 tem
262 379 509 457 recepissemus,
531 376 698 437 Romanum
712 375 879 437 insecutum
891 373 1034 434 adiurante
1045 371 1109 432 sm-

140 464 243 523 141111
261 461 319 523 duo
340 460 458 522 castella
483 478 520 522 eo
542 460 589 520 die
610 462 804 537 expugnasse.
846 475 897 518 sex
912 456 987 519 milit
1001 454 1109 517 lhostiun

181 562 281 617 caesa,
295 547 425 625 quinque
439 544 597 606 admodum
611 542 828 604 Romanorum:
844 549 942 603 tamen
954 542 985 601 in
997 546 1051 600 tam
1063 537 1109 616 pari

181 647 276 710 prope
291 628 374 690 clade
388 629 495 689 lamam
508 627 644 705 egregiae
656 627 796 687 victoriae
806 644 874 688 cum
884 623 1043 689 vanioribus
1054 621 1110 682 litte·

183 715 227 774 ris
240 715 375 791 magistri
390 713 521 792 equitum
542 712 666 772 Romam
680 710 834 790 perlatam.
1017 772 1020 777 ,

155 804 169 855 1
242 798 329 858 XXV.
359 796 401 857 lle
420 798 458 856 iis
477 795 568 857 rebus
587 811 730 875 persaepe
752 802 781 854 11
800 795 831 853 in
851 800 955 855 senatu
969 798 997 853 et
1014 791 1044 850 in
1061 801 1110 849 eon·

156 883 263 943 2tione
286 888 383 941 actum
404 888 458 940 est.
504 896 573 941 cum
596 876 672 939 laeta
693 879 809 939 civitate
833 877 958 939 dictator
974 892 1045 937 unns
1059 868 1110 933 nihl

185 983 241 1027 nec
261 964 359 1026 lamae
374 980 430 1024 neo
449 962 555 1024 litteris
569 962 706 1025 erederet
719 971 760 1030 et,
784 968 818 1022 ut
839 978 907 1021 vera
923 961 1017 1023 omnia
1031 961 1106 1018 essem

154 1048 313 1111 tsecunda
333 1065 365 1107 se
385 1047 479 1124 magis
496 1064 584 1126 quam
604 1045 725 1106 adversa
747 1046 855 1107 timere
876 1044 1002 1114 diceret,
1016 1033 1110 1125 mli.

182 1131 316 1194 Metellus
340 1130 477 1192 tribunus
502 1128 597 1208 plebis
621 1129 653 1189 id
673 1131 752 1190 enim
774 1128 931 1191 terendum
1035 1128 1110 1201 negat:

182 1317 199 1359 r
300 1316 361 1368 ,se
396 1296 517 1359 absente
565 1315 653 1358 eam
690 1314 722 1357 es
753 1315 801 1357 eo
869 1314 885 1357 r
965 1297 972 1310 '
1008 1285 1110 1354 ducendo

460 1389 543 1451 ,tem
565 1387 722 1449 ueterem,
740 1399 798 1460 qno
810 1379 922 1442 diutius
935 1382 1020 1440 inma
1038 1378 1111 1436 istratt

198 1484 210 1526 1
241 1484 377 1545 sonsque
398 1473 428 1526 et
474 1483 597 1526 omaee.
636 1481 667 1524 m
692 1482 823 1524 encrcru
843 1479 1002 1544 imperinm
1040 1458 1110 1520 abeat:

155 1552 292 1631 dqrrippe
308 1547 462 1612 consulum
474 1548 598 1611 alterum
617 1549 649 1608 in
660 1549 722 1608 acie
735 1548 892 1618 cecidisse,
910 1547 1031 1609 alterum
1043 1539 1111 1621 spuit

184 1634 286 1696 classis
300 1635 429 1695 Punicae
444 1631 667 1712 persequendae
687 1630 792 1711 procul
808 1631 845 1692 ab
860 1631 944 1694 ltalia
964 1629 1111 1706 ablegatum

156 1718 258 1779 oduos
286 1726 438 1795 praetores
468 1715 566 1777 Sicilia
597 1722 685 1794 atque
712 1714 847 1776 Sardinia
874 1721 1044 1795 occupatos,
1068 1721 1112 1768 iffi

183 1806 288 1863 neutra
310 1801 368 1861 boc
387 1808 521 1879 tempore
543 1801 694 1879 provincia
715 1805 852 1878 praetore
873 1808 974 1878 egeat,
996 1798 1031 1859 ll.
1045 1793 1112 1883 llbtf

183 1885 259 1943 cium
275 1885 447 1960 magistrum
464 1886 610 1963 equitum,
629 1901 667 1944 ne
685 1883 801 1944 hostem
815 1882 946 1955 rideret,
968 1899 1005 1943 ne
1018 1875 1112 1960 quidm

155 1973 171 2022 1
182 1964 306 2026 bellicae
317 1973 448 2043 gereret,
465 1984 559 2045 prope
574 1969 606 2025 in
618 1966 781 2028 custodiam
793 1966 939 2030 habitum.
967 1969 1057 2045 itaque
1067 1960 1112 2020 ber·

184 2048 249 2110 cnle
265 2067 326 2110 non
341 2049 493 2110 Samnium
510 2049 616 2119 modo,
639 2052 771 2129 quoiam
787 2059 940 2130 tamquam
960 2060 1038 2111 tram
1050 2040 1112 2106 fflic-

183 2149 251 2194 rum
266 2151 337 2212 agro
352 2133 460 2194 Poenis
474 2151 647 2195 concessum
660 2135 712 2203 sit;
726 2135 779 2195 sed
794 2134 979 2214 Campanum
993 2131 1113 2200 oneum

183 2235 240 2297 que
260 2225 290 2278 11
303 2216 461 2278 Falernum
482 2235 586 2296 agrum
607 2226 788 2296 pervastatos
807 2237 872 2280 esse
893 2204 1113 2281 sedentetuilnl

183 2300 326 2361 dictatore
340 2309 369 2363 et
382 2300 546 2379 legionibus
557 2301 659 2381 populi
668 2301 794 2363 Romani
810 2318 915 2380 agrum
928 2320 1014 2365 sunm
1023 2298 1113 2360 tuane.

156 2386 346 2446 teneruitum
362 2386 529 2464 cupientem
544 2402 677 2464 pugnare
693 2393 722 2446 11
736 2386 910 2464 magistrum
926 2387 1050 2466 equitum
1059 2375 1113 2469 oliti·

182 2485 231 2528 sos
242 2486 336 2547 prope
346 2470 424 2530 intra
435 2468 540 2531 vallum
555 2477 701 2538 retentos,
718 2478 867 2549 tamquam
877 2470 1013 2533 hostibus
1023 2460 1112 2541 capilli
1146 2466 1148 2497 ¹

155 2558 266 2613 barma
287 2552 433 2631 adempta.
461 2553 594 2624 tandem,
615 2560 648 2614 ut
668 2552 845 2618 abseesserit
863 2554 935 2615 inde
953 2543 1112 2615 (1111111111ι
1146 2544 1148 2589 ³

182 2635 336 2697 obsidIone
355 2636 509 2707 liberatos,
532 2644 614 2698 extra
636 2636 744 2698 vallum
759 2654 895 2716 egressos
917 2622 1112 2699 rudusculo·

141 2724 268 2796 legasse
288 2720 390 2781 bostis.
421 2738 493 2800 quas
509 2719 547 2782 ob
564 2737 628 2793 res,
650 2723 674 2781 si
691 2722 828 2801 antiquus
844 2722 962 2783 animus
975 2715 1064 2799 plebei
1074 2708 1112 2769 lit
1147 2774 1148 2799 ξ

182 2819 288 2862 manae
303 2811 394 2873 esset,
413 2804 564 2865 audaciter
586 2821 618 2865 se
639 2803 766 2866 laturum
783 2804 874 2867 lirisse
890 2802 993 2888 [dein]
1007 2801 1040 2863 do
1051 2793 1112 2857 obli*

183 2884 280 2962 gando
296 2885 330 2955 Q.
354 2886 427 2947 Fabi
445 2888 585 2966 imperim
606 2904 685 2947 nuno
704 2888 850 2950 modicam
867 2889 1049 2966 rogationem
1064 2889 1113 2956 prl'

183 2968 380 3046 mulgeturum
403 2968 440 3029 de
460 2971 612 3049 aequando
633 2973 767 3049 magistri
788 2974 918 3051 eqarltum
943 2979 974 3035 ct
994 2954 1111 3029 manueli

141 3060 171 3111 11
184 3054 259 3114 iure.
287 3070 343 3113 nee
360 3059 461 3114 tamen
475 3071 513 3115 ne
527 3055 567 3114 ita
582 3054 701 3134 qiridem
716 3057 799 3134 prius
815 3054 994 3117 mittendum
1007 3049 1040 3111 ad
1052 3053 1112 3136 exer·

182 3138 273 3197 citum
294 3137 328 3207 Q.
351 3135 489 3208 Fabium,
513 3157 601 3218 mam
621 3137 771 3201 consulem
792 3141 824 3200 in
844 3139 943 3200 locum
969 3137 999 3199 G.
1017 3117 1112 3193 Fluunt

142 3227 173 3277 12
186 3220 357 3282 suffecisset.
403 3221 528 3283 dictator
549 3222 734 3284 contionibus
755 3241 787 3284 se
808 3223 949 3287 abstinuit
975 3223 1006 3281 in
1024 3212 1112 3279 actione

182 3303 303 3364 minime
314 3305 473 3384 popularis.
494 3324 532 3365 ne
542 3307 575 3366 iu
584 3313 689 3368 senatu
700 3304 818 3385 quidem
830 3310 899 3383 satis
910 3305 1012 3383 aequls
1020 3290 1111 3361 auribll

182 3382 368 3457 audiebatur,
382 3387 492 3469 [buno]
505 3406 571 3450 cnm
583 3389 698 3450 bostem
709 3390 807 3452 verbis
818 3390 973 3453 extolleret
983 3378 1111 3449 11111111ῑΙθ

183 3462 281 3527 clades
294 3485 350 3546 per
365 3474 561 3534 temeritatem
575 3480 662 3552 atque
679 3475 864 3537 inscientiam
881 3474 988 3536 ducum
1006 3462 1111 3536 accolius
